3070 4954
438 765 497 868 Q-
522 763 794 858 HORA'I'II
816 766 1047 858 FLACCI

288 1033 1199 1164 EPISTOLARUM

534 1369 901 1491 ¹orarent.

105 1549 253 1642 'HAEG
275 1593 347 1659 pars
360 1571 483 1638 Horatii
499 1574 681 1642 Sermonum
696 1577 772 1640 alter
786 1578 847 1642 dici
860 1590 969 1664 potest,
984 1577 1142 1641 continens
1160 1574 1313 1661 epistolas,
1327 1575 1361 1639 in

105 1661 240 1744 ³quibus
264 1659 420 1742 eleganter
442 1673 472 1722 et
493 1662 601 1726 ornatb
616 1663 738 1745 quidem
754 1664 794 1726 ad
808 1665 929 1744 mokor-
938 1663 1051 1740 scribit,
1064 1681 1128 1726 non
1141 1673 1205 1724 tom
1219 1661 1257 1724 de
1272 1663 1360 1724 rebus

123 1743 305 1810 domesticis
329 1761 360 1808 et
377 1745 523 1824 sutilibus,
538 1747 629 1830 quiam
644 1748 682 1810 de
695 1749 1072 1832 gramesimisquibusque,
1087 1746 1162 1844 putb
1175 1747 1213 1810 de
1227 1747 1360 1808 moribus

124 1829 201 1894 vert
223 1830 335 1894 virtute
349 1829 557 1896 informandis.
601 1830 714 1896 Meritb
736 1833 831 1918 igitur
854 1833 1008 1920 Sapientes
1029 1830 1186 1915 Eputolas
1205 1845 1361 1914 nuncupat

127 1915 282 1998 Scaliger.
326 1915 420 1998 Quod
442 1916 467 1978 si
490 1937 612 1994 novum,
635 1929 668 1980 at
691 1919 772 1980 oertb
786 1918 945 2004 pulchrum
968 1931 1022 1994 est,
1047 1917 1183 1980 versibus
1205 1928 1245 1998 et,
1258 1914 1362 1978 strictis

130 2001 271 2064 oratione
285 2000 416 2064 scribere
438 2002 586 2084 ejusmodi
599 2002 752 2086 epistolas.
797 1999 879 2066 Hine
893 2002 1002 2066 etenim
1017 2015 1048 2063 et
1061 2003 1160 2084 major
1173 1999 1360 2063 familiaritas

132 2085 165 2147 in
189 2106 258 2147 suos
270 2085 377 2163 elucet,
392 2097 422 2148 et
435 2085 612 2151 nonnullam
628 2088 770 2150 scribenti
785 2088 952 2152 libertatem
966 2101 996 2150 et
1007 2085 1211 2150 amoenitatem
1225 2085 1362 2148 tribuunt

131 2169 243 2234 blusae.
287 2169 336 2233 lta
350 2170 424 2234 sane
438 2172 580 2254 quiedam
595 2171 714 2235 facilibs
727 2187 915 2250 enarrantur,
930 2183 960 2235 et
974 2192 1043 2254 quae
1057 2191 1112 2255 per
1125 2191 1156 2234 se
1170 2183 1300 2248 amara,
1308 2171 1361 2254 ju-

133 2255 263 2318 cundibs
275 2255 476 2340 excipiuntur.

101 2407 104 2412 ,
133 2339 252 2408 Prima.
264 2339 331 2403 haee
354 2339 482 2425 epistola
494 2337 676 2406 Mseoenatis
698 2343 820 2406 hortatu
832 2343 945 2426 scripta
958 2341 1030 2404 satis
1044 2355 1181 2426 apparet,
1196 2353 1226 2404 et
1239 2340 1361 2425 quidem

93 2489 102 2512 ⁸
134 2427 300 2507 aetotejnm
318 2439 465 2526 provecto
489 2427 582 2511 poetri
595 2443 710 2492 nostro.
744 2427 781 2491 ln
795 2429 832 2491 eb
846 2427 1104 2512 reprehendantur
1117 2425 1362 2490 hominesvirtu-

135 2525 195 2574 tem
218 2512 385 2574 bonombus
398 2533 435 2574 ac
449 2511 561 2574 divitiis
576 2515 757 2598 posthabere
771 2513 850 2576 soliti
864 2526 895 2574 et
909 2532 979 2594 quse
991 2511 1032 2574 ad
1041 2531 1163 2595 eorpus,
1177 2510 1231 2610 qu*
1292 2530 1363 2593 quse

138 2597 177 2660 ad
199 2595 332 2660 animum
356 2608 501 2680 spectant,
516 2597 787 2662 maltb-sludiosiirs
801 2596 993 2678 inquirentes.
1035 2593 1098 2658 Jul.
1117 2595 1241 2676 Soalrge
1271 2595 1361 2657 Parit.

137 2681 244 2743 libri.
281 2701 434 2763 uanquam
448 2682 541 2745 durus
553 2681 628 2743 alibs
640 2682 815 2764 castigator,
826 2679 978 2742 nitidioris
991 2677 1060 2762 apti
1074 2679 1182 2742 latetur
1194 2699 1256 2742 esse
1270 2677 1373 2778 Epis-¹

140 2765 223 2830 tolas.
298 2764 385 2842 rima,
407 2765 515 2846 inquit,
530 2765 631 2850 proris
646 2765 728 2830 melle
742 2763 857 2828 dedolor
871 2774 932 2827 ests
946 2762 1093 2826 reateatia
1105 2763 1258 2848 apposita,
1273 2764 1363 2828 dartio

140 2859 226 2928 easta,
240 2847 380 2926 rotarith,
393 2850 500 2912 atara.
548 2848 741 2937 Quapropter
755 2847 885 2912 arbitror
901 2857 1080 2934 postremam
1095 2848 1222 2912 omniane
1237 2849 1363 2934 factam,

135 2931 1364 3105 sttlattttlttlt‘talita..tltttitbltb‘tlttbl

142 3105 294 3183 ridebam,
307 3105 405 3168 aestio
465 3103 495 3168 'd
508 3103 625 3168 consilii
637 3104 670 3168 ia
683 3117 804 3168 meatem
817 3104 928 3168 venerit
941 3103 988 3181 iis,
1003 3103 1056 3190 qai
1069 3103 1215 3166 lassatam
1233 3105 1366 3170 ordinem

54 3199 58 3206 '
146 3189 346 3254 subverterant.
442 3189 597 3254 ammatiao
609 3187 852 3275 nibiliaselr'os'as.
901 3189 1001 3252 Credo
1016 3189 1096 3273 qaod
1109 3187 1240 3252 riderent
1253 3212 1365 3254 oasam

148 3273 233 3352 trra,
248 3275 363 3342 surnmis
373 3275 502 3341 dicende
514 3275 673 3340 camoentz
686 3275 774 3361 quasi
783 3277 852 3338 rerd
863 3296 924 3338 aar
935 3274 1012 3337 lraaa
1026 3273 1122 3358 ipsam
1133 3273 1321 3364 intelligeret.
