3032 4948
501 285 692 354 DACERH
713 287 966 354 Paeanem.
1289 296 1350 357 807

108 437 188 500 bant
197 435 330 519 pulchri,
340 434 417 497 nihil
431 437 540 514 ornati,
551 449 583 500 at
596 438 621 498 si
633 437 701 500 illas
713 439 889 523 aperuisses,
900 439 1035 502 omnium
1049 437 1185 502 Deorum
1199 439 1350 503 Deamm-

110 543 173 602 qne
186 521 348 602 imagines,
372 521 548 584 detexisses.
592 523 642 584 Ad
658 543 726 584 curn
750 526 873 586 modam
889 547 920 586 se
935 525 1023 586 nohis
1046 525 1170 586 exhibet
1184 526 1215 587 in
1242 527 1350 590 Satiris

110 605 274 684 Horatios,
288 605 367 666 nihil
380 625 528 687 magnum
543 628 608 690 prta
632 627 663 670 se
678 609 744 682 fert,
757 609 839 691 quod
862 630 918 670 nos
932 610 1066 670 detinere
1081 611 1211 670 debeat:
1225 613 1350 692 dignior

108 693 233 754 videtur
246 712 320 766 esse,
334 691 387 773 qni
398 691 500 774 pueris
515 705 639 770 teratur,
652 713 743 774 qnam
759 695 810 774 qui
825 695 907 755 viros
923 715 998 756 occu
1042 709 1089 756 tos
1102 709 1220 756 teneat:
1236 697 1288 756 sed
1303 717 1350 758 se·

108 777 213 860 posito
228 776 308 853 velo,
321 791 353 837 et
367 774 501 838 Horatio
523 777 650 860 propihs
664 779 811 861 inspecto,
827 779 962 840 omnium
979 780 1061 840 ilico
1085 778 1235 840 Divorum
1253 781 1348 842 oculis

4 897 5 902 κ
108 883 145 923 se
158 861 303 943 ingerunt
317 861 478 941 imagines,
494 861 552 922 hoc
567 877 620 938 est,
635 883 740 925 omnes
753 865 888 942 virtutes,
906 865 944 926 ad
960 885 1036 945 quas
1050 865 1171 926 assidue
1186 867 1350 928 exercendi

110 959 192 1022 sunt,
205 947 258 1028 qui
272 945 354 1006 vitiis
366 947 427 1008 suis
438 947 626 1027 corrigendis
638 948 716 1010 serio
729 949 857 1010 student.
890 949 998 1010 Oculis
1010 951 1117 1032 parirm
1131 951 1251 1011 intentis
1263 950 1348 1012 illurn

109 1031 284 1114 adspexere
299 1028 427 1092 ahtchac
442 1032 605 1110 mortales3
622 1055 720 1114 oeque
743 1053 866 1116 possum
890 1055 953 1096 uon
976 1035 1080 1096 mirari
1095 1035 1212 1096 Satires
1234 1055 1290 1116 per
1304 1050 1351 1098 tot

4 1195 5 1204 ἵ
110 1115 218 1178 secula
232 1113 339 1190 lectas,
353 1129 443 1198 atque
462 1116 597 1190 relectas,
613 1119 719 1200 paucis
742 1119 907 1180 admodum
923 1118 1013 1180 fuisse
1036 1120 1212 1196 intellectas,
1228 1135 1281 1181 aut
1294 1141 1349 1186 ex·

110 1199 255 1284 plicatas.
301 1199 504 1264 Substitemnt
526 1202 558 1264 in
581 1203 649 1284 ipso
670 1205 794 1279 cortice,
810 1205 970 1285 verbisque
985 1205 1217 1288 interpretandis
1232 1205 1348 1283 intenti,

110 1285 191 1347 nihil
214 1285 297 1346 ultra
311 1286 442 1368 petiere:
457 1287 539 1368 qnod
554 1288 827 1368 quidemfecerunt
840 1286 1102 1350 ut'Grammaticis
1124 1311 1181 1372 par
1195 1304 1270 1366 erat,
1284 1312 1349 1354 non
1448 1292 1453 1300 '
1510 1341 1511 1348 ,

110 1381 148 1432 nt
159 1369 375 1453 Philosophiae
389 1371 581 1457 plaanuasi
595 1373 760 1456 scripsisset
773 1372 922 1434 Horatius
938 1373 1034 1434 soltim
1049 1389 1083 1435 ut
1095 1377 1257 1437 verborum
1276 1397 1349 1460 con·

108 1455 328 1518 struendarum
355 1457 503 1518 radonem
532 1457 712 1534 videremus,
735 1459 924 1540 dedissetque
953 1459 1041 1520 nobis
1070 1459 1180 1521 librum
1210 1460 1292 1521 horis
1317 1462 1350 1524 in

109 1539 234 1602 Sebola
247 1539 394 1616 saliendis,
408 1563 470 1604 non
485 1541 595 1604 animis
609 1543 650 1604 ad
664 1543 804 1604 virtutem
820 1544 995 1604 formandis.
1040 1541 1171 1606 Prorsus
1192 1545 1275 1606 aliud
1290 1546 1348 1608 sibi

109 1625 145 1686 in
156 1625 217 1686 hoc
232 1646 324 1708 opere
335 1639 536 1708 proposuerat
550 1626 661 1690 Poeta.
685 1627 828 1710 Namque
842 1629 911 1689 finis
925 1630 1087 1690 verborum
1103 1643 1149 1690 est
1161 1630 1250 1705 actio,
1263 1631 1350 1711 cujus

109 1709 201 1774 etiam
216 1710 318 1791 grana
330 1715 424 1772 verba
436 1713 502 1794 ipsa
514 1708 635 1773 fuerunt
645 1727 776 1792 reperta,
789 1733 858 1795 qna·
871 1715 927 1774 nisi
938 1713 1023 1774 illum
1037 1729 1234 1796 assequantur
1245 1715 1347 1792 finem,

110 1794 187 1856 nihil
198 1796 255 1856 nisi
266 1795 366 1857 futiles
376 1797 462 1860 soni:
478 1817 566 1858 aures
576 1798 697 1878 quidem
709 1797 828 1873 serium,
839 1799 877 1860 ad
887 1799 1022 1860 animum
1032 1799 1106 1860 verb
1116 1819 1178 1861 non
1188 1799 1347 1882 pertinent.

152 1877 278 1944 Docere
292 1901 348 1944 nos
362 1881 460 1944 voluit
474 1879 622 1944 Horatius
636 1885 667 1944 in
685 1883 729 1943 his
746 1883 864 1958 Satiris,
877 1899 985 1945 contra
999 1883 1073 1946 vitia
1088 1898 1192 1946 nostra
1207 1883 1347 1961 militare,

111 1965 237 2028 affectus
261 1979 444 2050 temperare,
465 1984 606 2030 naturam
622 1968 653 2029 in
677 1968 893 2051 cupiditatibus
917 1969 1111 2030 moderandis
1130 1970 1242 2032 ducem
1253 1971 1348 2051 sequi,

111 2071 216 2114 verum
231 2051 251 2112 a
265 2051 352 2129 falso,
366 2065 397 2114 et
422 2052 545 2114 arabus
570 2052 643 2135 ipsis
667 2073 766 2116 rernm
791 2053 905 2136 species
928 2052 1108 2132 discernere,
1121 2055 1348 2138 ‚praejudicatas

112 2140 225 2197 temere
240 2137 400 2219 opiniones
416 2137 556 2220 abjicere,
572 2137 724 2221 principia
746 2151 776 2200 et
789 2159 897 2199 causas
912 2139 1066 2200 aedanum
1090 2154 1260 2202 nostrarum
1280 2161 1349 2222 per-

111 2236 231 2303 spectas
242 2221 364 2298 habere,
377 2221 537 2286 ridiculam
551 2223 680 2304 denique
691 2245 796 2286 eornm
811 2223 1009 2306 pertinaciam
1024 2229 1148 2302 evitare,
1164 2226 1226 2306 qui,
1239 2226 1350 2306 quibus

112 2307 322 2389 amagistellis
339 2308 399 2369 suis
414 2309 610 2391 opinionibus
623 2309 728 2372 imbuti
742 2309 815 2372 olim
830 2308 960 2385 fuerunt,
974 2309 1009 2370 iis
1023 2311 1175 2374 obstinate
1188 2310 1348 2388 inhaerent,

111 2393 194 2453 nulli
218 2393 325 2456 babiti
347 2395 465 2456 ratione
479 2395 590 2476 quibus
612 2393 781 2458 innitantur
803 2395 1027 2457 fundamentis:
1051 2417 1114 2460 uno
1136 2397 1242 2472 verbo,
1257 2391 1288 2457 in
1310 2415 1348 2458 eo

110 2478 290 2554 elaboravit,
306 2492 340 2540 nt
353 2499 409 2542 nos
425 2480 511 2540 nobis
526 2479 637 2556 fehces,
652 2480 758 2542 amicis
778 2481 933 2561 jucundos
947 2493 978 2542 et
993 2481 1106 2557 fideles,
1122 2482 1262 2544 omnibus
1282 2479 1349 2563 qui·

110 2565 237 2626 bnscurn
253 2564 393 2640 vivimus,
408 2565 597 2640 commodos,
613 2565 710 2641 utiles,
723 2579 753 2626 et
764 2565 915 2646 benignos
930 2579 1097 2648 praestaret.

151 2649 349 2732 interpretari
374 2651 517 2714 Auctoris
539 2652 643 2726 verba,
659 2650 689 2710 in
705 2649 843 2733 Figurae
867 2649 996 2727 digitum
1021 2650 1186 2725 intendere,
1201 2648 1348 2712 Lectores

108 2757 164 2817 per
179 2735 328 2796 orationis
343 2735 489 2798 involutae
513 2735 716 2816 labyrinthos,
731 2748 782 2796 aut
797 2735 1011 2816 porerrtbeseos
1035 2735 1175 2796 obscurae
1199 2737 1348 2812 tenebras,

108 2823 232 2895 (lucere,
254 2821 321 2881 haec
345 2822 450 2882 omnia
475 2820 551 2882 nihil
574 2819 719 2882 exinsinm
744 2820 866 2894 habent,
891 2839 946 2879 trec
972 2831 1004 2879 ut
1025 2819 1159 2900 loquitur
1181 2816 1348 2901 Epictetus,

4 2925 6 2942 ³
108 2906 278 2986 quidquam
295 2905 414 2988 pulchri
431 2919 483 2967 aut
497 2911 632 2988 sapiente
648 2905 785 2986 dignum.
829 2905 879 2966 Ad
894 2904 952 2964 hoc
965 2904 1054 2964 nobis
1066 2903 1261 2964 annitendum
1285 2918 1348 2982 est;

108 2992 166 3052 hoo
182 3013 261 3072 opus
276 3003 411 3052 nostrum
427 3005 472 3053 est
486 2991 679 3073 palmarium,
704 3011 790 3052 nsum
807 3001 837 3051 et
851 2989 982 3051 rationes
996 2989 1105 3050 borum
1125 3001 1349 3136 praceptorum

108 3078 279 3152 sistendam,
294 3077 461 3158 eademque
485 3075 717 3138 auctoritatibus
740 3075 857 3150 fulcire,
873 3088 904 3136 ut
930 3073 1030 3155 palam
1055 3074 1195 3136 omnibus
1241 3087 1280 3150 at,
1296 3095 1349 3136 eos

4 3153 6 3192 t
109 3163 160 3244 qui
173 3183 275 3223 mores
287 3183 357 3224 suos
367 3163 406 3225 ad
417 3164 474 3223 hoc
485 3161 618 3223 seculum
630 3181 815 3244 componere
824 3159 995 3239 negligunt,
1007 3159 1095 3242 paria
1104 3159 1203 3222 facere
1212 3159 1348 3242 egrotis,

108 3249 159 3329 qui
173 3247 280 3322 libros,
290 3247 343 3308 ubi
357 3248 493 3310 remedia
507 3247 620 3308 morbis
634 3245 695 3306 suis
710 3246 958 3328 praescribantur,
972 3245 1074 3325 legere
1088 3245 1233 3319 contenti,
1247 3243 1348 3307 Medi·

107 3333 135 3394 ci
148 3333 279 3395 consilio
291 3345 407 3394 tantum
419 3335 504 3394 abest
514 3346 547 3394 nt
556 3344 689 3406 utantur,
701 3347 733 3392 ut
743 3353 780 3392 ne
790 3331 963 3410 intelligant
972 3331 1095 3411 quidem
1104 3332 1169 3410 ejus
1179 3330 1347 3392 utilitatem.

112 3467 115 3472 ,
151 3417 180 3480 N
185 3439 225 3480 on
240 3417 325 3500 quod
349 3440 409 3499 ego
424 3419 455 3480 in
468 3417 695 3480 commentariis
710 3417 784 3478 meis
799 3418 962 3498 quicquam
979 3415 1075 3476 sciens
1094 3415 1199 3476 volens
1222 3427 1349 3496 praetcr-

110 3504 254 3579 miserim,
269 3504 352 3584 quod
365 3505 403 3566 ad
421 3502 623 3565 Gramrnntici
638 3502 770 3563 officium
786 3503 945 3584 pertineat.
970 3501 1069 3581 Spero
1083 3498 1114 3560 id
1131 3519 1271 3560 sensuros
1285 3517 1349 3562 esse

4 3584 12 3630 l'
110 3589 266 3664 hectorea,
279 3591 452 3671 nequejam
468 3589 561 3650 ullam
577 3587 800 3668 supersuturam
817 3589 848 3648 in
864 3586 964 3648 serbis
980 3584 1103 3663 Horatii
1118 3583 1348 3648 difficultatem:

109 3696 144 3736 ac
158 3675 189 3736 in
204 3676 286 3736 hanc
302 3696 407 3736 curam
422 3674 578 3757 praecipue
596 3673 729 3748 incubui,
745 3686 777 3733 ut
792 3685 983 3751 argumenta,
997 3663 1067 3752 q‘uae
1083 3681 1202 3744 tractat,
1217 3668 1349 3736 illustra·

108 3781 192 3837 rem3
209 3760 373 3835 rationum,
386 3781 463 3842 quas
478 3759 613 3834 adhibet,
627 3758 809 3818 soliditatem
825 3757 1019 3836 indigitarern
1031 3778 1040 3834 3
1054 3768 1088 3816 nt
1099 3754 1275 3838 expedirem
1289 3755 1350 3821 cit·

109 3846 208 3906 cuitus
224 3860 256 3908 ct
270 3847 426 3926 ambages,
442 3865 496 3926 per
511 3865 586 3926 quas
602 3864 820 3923 rrrsnnunquam
837 3842 949 3902 incedit
965 3841 1004 3902 ad
1029 3839 1144 3940 placita
1158 3860 1213 3902 sua
1237 3841 1350 3906 confir·

6 3955 12 3985 .
109 3932 232 4007 manda,
245 3946 274 3992 et
287 3929 326 3992 ad
339 3931 493 3992 contraria
504 3929 675 4002 refutanda,
689 3928 735 3988 vel
751 3927 919 3990 cludenda:
935 3939 969 3988 ut
979 3939 1136 3988 veritatem
1150 3925 1349 3991 assertionum

109 4016 202 4098 ipsius
218 4017 405 4093 stabilirem;
428 4029 462 4077 ut
476 4015 626 4077 vafritiem
640 4015 713 4094 ejus,
730 4014 781 4074 ubi
797 4013 884 4094 quasi
908 4032 947 4072 ex
962 4011 1080 4074 insidiis
1094 4011 1169 4092 agit,
1185 4031 1255 4093 quse
1269 4009 1349 4074 Lec-

9 4138 17 4182 5·
109 4115 205 4163 torem
221 4102 395 4185 imperitum
412 4100 502 4162 facile
517 4099 625 4180 fugiat,
641 4099 737 4162 oculis
752 4117 955 4180 exponerern3
971 4108 1004 4158 ut
1018 4097 1149 4180 denique
1164 4097 1196 4158 in
1211 4095 1349 4178 apricum

10 4207 17 4231 ¹·
108 4187 276 4270 proferrem
289 4186 450 4249 ridiculum
463 4185 548 4262 illud,
560 4186 640 4266 quod
652 4185 683 4246 in
693 4185 835 4244 omnibus
845 4203 920 4263 qum
930 4195 1092 4264 oppugnat
1100 4183 1189 4246 rebus
1198 4177 1347 4244 adhibuit.

13 4304 16 4313 ⁴
108 4271 189 4334 rtaec
204 4286 274 4334 snm
289 4293 359 4355 qnae
374 4271 445 4332 fecit
459 4285 529 4332 ante
544 4291 591 4332 me
608 4291 706 4332 tiemo.
729 4267 811 4330 Nam
828 4283 860 4328 ut
874 4282 919 4328 est
934 4265 1083 4329 Horatius
1097 4287 1185 4330 verus
1207 4263 1348 4341 Proteus,

108 4377 190 4440 saepe
207 4357 320 4419 formas
334 4356 495 4430 variando,
509 4357 685 4438 interpretes
701 4373 770 4415 suos
786 4375 867 4436 srepe
883 4352 999 4432 effugit,
1014 4352 1065 4434 qni
1081 4351 1151 4413 etim
1166 4349 1175 4409 i
1200 4367 1264 4410 sum
1280 4367 1349 4432 rep-

84 4443 275 4506 ¹rehendere
289 4443 460 4523 nequirent,
475 4455 628 4522 stupentes
654 4439 795 4515 fecerunt,
812 4439 893 4520 qnod
915 4450 1086 4520 potuerunt
1125 4435 1152 4497 A
1189 4446 1298 4495 xerunt
1319 4436 1348 4496 ei

107 4527 318 4610 saepenumerd
334 4547 453 4588 sensum
468 4546 532 4588 non
547 4525 644 4586 sehim
661 4524 823 4599 diversum,
840 4524 892 4585 sed
906 4524 998 4584 etiam
1014 4522 1185 4593 adversum,
1198 4539 1348 4600 quemque

15 4639 16 4684 1
108 4613 172 4712 ipse
187 4635 225 4675 eo
240 4613 310 4676 loco
325 4612 461 4674 refellere
475 4611 580 4672 voluit.
615 4607 688 4671 Non
705 4609 788 4690 qnod
803 4628 863 4686 ego
878 4609 1040 4688 quicquam
1056 4604 1224 4664 detracmm
1239 4605 1282 4665 eis
1296 4624 1349 4666 ve·

62 4714 67 4724 '
108 4698 171 4776 hm,
188 4699 241 4781 qni
263 4710 334 4761 autc
354 4717 403 4759 me
423 4695 556 4759 Horatio
578 4693 758 4822 illustraqqp
773 4692 909 4753 laborem
925 4709 1011 4751 sunm
1026 4687 1239 4750 contulerunt:
1253 4687 1347 4753 laudo
