2954 4964
405 395 407 405 ¹
474 371 1177 492 vaeneunnncnnn

617 607 680 734 N
728 613 786 732 Ο
835 613 892 734 Τ
938 611 1026 734 AE

718 857 769 926 ln
790 856 933 927 vtTnM

447 1053 517 1160 n.
548 1044 876 1153 Honnuu
908 1051 1206 1200 ,nuncet

217 1292 275 1396 Q,
289 1309 479 1382 nonarn
500 1307 664 1375 runccr
688 1311 748 1373 ura
771 1310 786 1372 t
811 1309 961 1373 seeum.
1031 1309 1239 1374 irancuum
1261 1307 1447 1394 Porphyrio

217 1401 328 1466 diserte
350 1399 502 1480 adjudicat
516 1395 662 1460 Suetonio
680 1397 711 1458 in
727 1393 816 1458 Natis
842 1397 901 1456 suis
919 1396 959 1457 ad
1005 1395 1073 1480 pist.
1095 1394 1120 1459 1.
1135 1393 1206 1458 Lib.
1221 1395 1253 1457 ii.
1268 1395 1315 1456 his
1326 1395 1445 1471 serbis,

214 1483 269 1548 Aa
292 1493 356 1546 usto
370 1481 533 1568 increpanti
551 1479 723 1557 Horatium,
743 1479 823 1564 quod
840 1500 900 1542 mon
914 1478 955 1541 ad
971 1501 1000 1542 se
1015 1501 1130 1578 quoqne
1143 1479 1279 1564 plurima
1291 1475 1446 1554 εωῗὸστιτ,

216 1579 250 1631 at
263 1507 420 1632 §cetarias
435 1577 536 1630 auctor
550 1575 600 1642 est,
623 1565 766 1650 inmeimir
783 1583 847 1626 cum
865 1561 953 1626 lande
972 1563 1100 1627 Cosam
1117 1587 1147 1626 se
1164 1571 1290 1627 accusat.
1332 1562 1376 1625 At
1388 1563 1446 1624 vei
1465 1577 1471 1590 ·

216 1665 335 1716 tacente
349 1651 572 1736 Porphyrione,
585 1650 630 1711 ita
644 1671 674 1710 se
690 1649 793 1734 prodit
807 1649 856 1711 hic
871 1647 1008 1712 Suetonii
1030 1649 1133 1732 stylus,
1153 1661 1188 1712 ut
1200 1649 1329 1734 peritum
1343 1647 1447 1710 lecto-

216 1757 280 1801 rem
294 1738 376 1800 haud
389 1733 501 1799 temeri
514 1733 607 1796 saliat.

258 1821 363 1899 Patre,
382 1823 414 1882 ut
428 1819 488 1906 ipse
503 1819 618 1904 quidem
632 1817 733 1896 tradit,
751 1813 897 1894 libertino,
916 1825 945 1879 et
962 1817 1144 1882 exactionum
1162 1814 1319 1902 coactare]
1366 1813 1446 1879 Hoc

217 1907 256 1970 de
268 1907 365 1990 seipso
378 1905 535 1990 profitetur
548 1901 694 1966 Horatius
709 1903 774 1964 Sat.
786 1905 817 1964 6.
830 1899 900 1966 Lib.
913 1902 934 1963 i.
948 1923 978 1964 v.
993 1907 1045 1966 45.

463 2029 505 2094 Ν
501 2051 558 2094 unc
571 2029 612 2094 ad
625 2051 668 2092 me
681 2029 767 2092 redeo
782 2028 918 2094 libertino
928 2037 1140 2114 patronatum.

218 2114 271 2181 Et·
286 2137 317 2180 v.
331 2121 383 2180 85.
463 2115 504 2178 N
501 2137 531 2178 ec
545 2116 650 2192 timuit,
664 2113 722 2178 ribi
733 2136 770 2176 ne
783 2113 855 2178 nitio
869 2115 935 2199 qais
948 2122 1079 2190 comeret,
1093 2111 1165 2176 oiim

468 2199 505 2262 Si
512 2221 613 2284 preco
622 2218 744 2284 parcas,
759 2209 821 2277 aad
837 2209 870 2262 at
878 2198 944 2282 suit
957 2199 1029 2283 urse,
1043 2208 1161 2262 coactor

463 2282 618 2349 Manae
627 2305 762 2369 ’φησι

259 2413 304 2475 Δί
313 2433 380 2476 aero
395 2411 535 2476 creditam
546 2422 596 2488 est,
608 2408 859 2494 salsamentaria]
904 2409 1173 2472 Salsamentarium
1184 2407 1310 2492 proprii
1323 2427 1447 2471 nuncu-
1470 2435 1471 2456 2

218 2510 293 2582 punt
303 2495 406 2560 Graeci
414 2501 598 2573 mur-nn,
609 2494 692 2557 Galli
701 2517 742 2558 un
752 2493 937 2572 ctat-caster,
943 2496 994 2578 qui
1004 2507 1093 2578 paret
1100 2493 1263 2575 venditque
1271 2493 1446 2570 sarcimine,

219 2581 382 2659 tomacula,
397 2594 427 2644 et
440 2582 470 2644 id
487 2602 582 2664 genus
598 2579 667 2641 alia.

264 2665 386 2812 im
400 2687 455 2751 ego
468 2663 532 2727 aidi
544 2674 662 2749 patrem
675 2673 755 2725 taam
769 2661 864 2726 cubito
878 2684 908 2724 se
922 2672 1120 2748 emungentes
1207 2659 1277 2723 Hoc
1300 2661 1446 2726 convicio

218 2750 271 2812 irri
294 2753 423 2814 ebentur
453 2749 748 2812 salsamentariorum
779 2747 842 2809 tilii.
882 2744 952 2809 cic.
977 2747 1017 2808 iv.
1041 2745 1112 2810 Lib.
1194 2746 1375 2809 etoricorum
1400 2749 1446 2810 ad

218 2833 407 2898 Herennium
418 2833 579 2921 (siquidem
588 2833 640 2894 ille
648 2843 692 2893 est
703 2853 792 2894 verus
803 2825 883 2894 idius
894 2831 994 2930 operis
1003 2829 1122 2918 auctor)
1135 2829 1199 2894 Per
1209 2831 1447 2915 corucqncntiam

217 2918 398 3003 significatio
412 2918 459 2996 sit,
483 2939 547 2982 cum
560 2939 605 2980 res
618 2937 683 3001 qua
698 2925 859 3001 sequantur
877 2913 1008 3000 uinquam
1021 2937 1092 2993 rem,
1116 2915 1261 2993 dicantar,
1284 2935 1320 2976 aa
1337 2914 1446 2999 quibus

219 3011 282 3063 tota
296 3024 340 3063 res
354 3001 531 3085 relinquitur
544 3003 576 3066 in
589 2999 763 3085 mspicione,
772 3009 806 3062 at
815 2999 841 3063 si
851 2999 1067 3064 salsamentarii
1072 2999 1143 3083 filio
1157 2999 1247 3076 aum,
1263 2997 1386 3086 Quiesce
1398 3010 1445 3080 ta,

219 3085 301 3169 enjus
310 3094 402 3231 ἄατον
416 3069 553 3146 cabito'ie
568 3063 721 3167 emungire
734 3083 854 3146 solebat.

260 3167 309 3232 Be
334 3191 351 3230 o
363 3167 552 3252 Philippensi
566 3167 673 3230 cecitas
683 3165 761 3228 cM.
771 3165 870 3229 Bruto
883 3165 1073 3251 Imperatore,
1087 3165 1238 3230 Tribunus
1248 3163 1372 3230 mitium
1382 3190 1447 3232 me-

219 3251 305 3338 ruit]
342 3250 433 3316 Tunc
445 3252 588 3338 temporis
599 3251 746 3315 Horatius
756 3249 849 3313 literis
860 3273 985 3336 operum
996 3252 1082 3315 dabit
1091 3251 1228 3316 Athenis.
1264 3249 1345 3315 Vide
1357 3256 1446 3336 quod
1468 3261 1469 3290 ³

220 3351 324 3401 aurern
335 3338 398 3422 ipse
412 3335 510 3420 Epist.
523 3341 553 3400 2.
568 3336 639 3400 Lib.
655 3337 686 3398 ii.

220 3421 413 3570 vgcrssrtrtran:
439 3421 635 3568 Qamtogsdnm
649 3419 897 3569 ἕέιηέαἱαέίίέᾝ
915 3417 1002 3522 iege
1025 3421 1168 3507 scriptam
1187 3443 1244 3507 pro
1266 3423 1443 3486 scribetum.

284 3528 301 3568 e
347 3529 366 3569 o
424 3520 541 3569 nostras
606 3527 635 3566 v.
692 3527 759 3583 ,a
815 3529 951 3568 .1.u.

467 3631 517 3696 Dc
531 3655 563 3696 re
577 3631 720 3696 communi
736 3632 837 3696 scriba
851 3633 962 3719 magnei
977 3644 1064 3720 atque
1077 3633 1154 3697 nord
1165 3643 1192 3696 tc

471 3716 607 3780 Orabmu
619 3716 705 3779 hodie
718 3717 901 3795 meminisset,
920 3717 1040 3804 Quinte,
1055 3718 1168 3782 reuerti.

221 3845 300 3907 adde
312 3845 394 3927 quod
405 3844 508 3907 scribit
518 3843 588 3906 Ltv.
601 3865 668 3928 cap.
684 3849 734 3908 46.
747 3844 817 3908 Lib.
830 3845 872 3908 ix.
885 3858 915 3908 et
925 3845 963 3909 A.
980 3844 1060 3909 Geli.
1073 3867 1139 3930 cop.
1152 3851 1182 3908 9.
1195 3843 1265 3908 Lib.
1279 3845 1320 3906 vi.

261 3928 308 3991 tic
317 3928 416 4012 primo
425 3927 660 3991 Mecenati-ia
669 3928 800 4014 gratiam
810 3928 1002 4015 insinuatus]
1032 3929 1443 4012 Hrecitunarrantur,quasi

221 4010 368 4075 Horatius
382 4034 445 4076 non
459 4013 621 4076 innotuerit
633 4011 806 4090 Maeeenati,
829 4014 884 4076 nisi
899 4027 967 4096 post
981 4015 1170 4099 impetratum
1184 4012 1305 4076 demum
1321 4017 1360 4077 ab
1373 4016 1443 4077 Au-

219 4108 311 4180 gusto
325 4097 456 4174 veniam,
478 4111 507 4159 et
521 4110 728 4180 comparatum
744 4099 906 4160 scributum
921 4098 1138 4182 Quaestoriurn.
1179 4098 1223 4160 At
1236 4097 1316 4162 istud
1331 4098 1443 4162 Sueto·
1466 4155 1467 4170 ,

221 4181 273 4244 nio
296 4201 450 4263 nunquam
474 4181 642 4244 excidisset.
686 4179 856 4244 Maecenate
879 4184 959 4245 enim
979 4185 1167 4267 deprecante,
1191 4183 1300 4247 Cesar
1321 4185 1443 4267 ignovit
1466 4181 1467 4187 '

124 4273 127 4282 '
221 4263 363 4342 Horatio,
383 4266 469 4346 eique
482 4266 565 4328 bona
579 4287 633 4327 suo
646 4264 739 4328 Fisco
753 4265 876 4328 addicto
890 4267 1030 4329 reddidit.
1069 4267 1231 4331 Suetonius
1244 4270 1304 4330 hoc
1317 4267 1387 4330 loco
1401 4269 1442 4332 de

220 4369 259 4412 eo
276 4361 411 4434 tempore
427 4349 569 4432 loquitur,
593 4371 654 4432 quo
672 4351 765 4434 coepit
782 4349 939 4413 Maeeenus
956 4349 1119 4416 Horatium
1136 4353 1247 4416 habere
1264 4353 1297 4414 in
1312 4373 1441 4416 numero

220 4433 402 4498 familiarum
416 4455 547 4511 suorum,
562 4455 691 4516 quocum
703 4434 827 4516 negotio
838 4455 894 4499 suo
904 4437 1157 4520 communicaret3
1170 4457 1318 4522 quemque
1328 4437 1361 4502 in
1375 4437 1441 4500 otio

222 4533 278 4583 tuo
292 4520 463 4603 jucundum
477 4518 633 4584 adhiberet
646 4519 796 4582 comitem.
1238 4557 1240 4562 ,
