3032 4948
153 275 217 338 ωε
267 305 269 312 v
538 261 729 328 nncuun
751 259 1005 328 PRAEFATIO.

153 426 281 479 conatus
295 412 427 489 illorum,
441 411 487 475 illi
502 411 577 474 mibi
590 411 672 476 viam
688 424 881 496 aperuerunt
913 409 946 472 Si
963 411 1025 493 qui
1038 411 1071 472 in
1084 429 1118 473 re
1129 429 1189 494 ego
1202 407 1272 474 ilios
1285 429 1397 496 super·

155 501 215 578 evi,
231 521 321 563 omne
342 497 418 560 illud
441 509 602 580 acceptum
625 497 723 560 resero
747 497 866 579 magnis
881 496 946 558 istis
968 517 1008 558 ex
1027 495 1204 579 antiquitate
1217 495 1301 574 uiris,
1315 515 1400 580 quoe

155 588 272 668 majore
294 603 364 647 cum
387 581 470 660 cari,
495 585 610 665 majore
633 583 717 644 certe
740 583 814 658 otio,
829 581 902 664 legi,
916 579 1089 644 Homerum
1113 581 1195 658 dico,
1215 579 1397 658 Platonem,

155 669 360 746 Aristotelem,
375 668 512 751 aliosque
528 681 590 730 tam
607 666 747 744 Grecos,
760 667 851 750 qusm
874 666 1014 742 Latinos,
1030 683 1107 748 quos
1125 665 1247 728 undae
1269 679 1345 743 tero,
1360 673 1399 728 ut

156 757 197 820 ad
207 775 314 817 eorum
350 767 446 816 ertum
461 751 623 816 reformem
638 773 749 829 meum,
763 771 929 835 eorumque
943 751 1078 814 lontibus
1101 749 1225 834 Ingenii
1237 764 1269 812 et
1279 747 1399 814 Jadtcti

157 841 216 904 mei
240 775 377 902 bertadus
390 839 526 920 irrigem.
568 893 571 896 .

199 924 232 988 N
233 945 273 987 on
288 923 405 1002 desum,
420 924 495 1001 seio,
516 923 563 987 bis
577 923 765 1008 temporibus
778 921 830 1005 qui
854 943 970 1004 magna
984 920 1038 984 illa
1052 917 1192 984 Nomina
1203 920 1267 983 risu
1280 919 1399 1004 excipi·

157 1023 222 1089 unt,
235 1009 287 1092 qui
301 1008 469 1072 reclamant
481 1009 633 1088 laudibus,
648 1010 758 1092 quibus
772 1029 828 1094 per
841 1007 946 1070 omnia
960 1006 1064 1070 secula
1077 1005 1224 1070 celebreti
1236 1005 1335 1068 ornati
1358 1025 1399 1068 ue

159 1109 239 1172 sunt,
251 1095 363 1194 quique
377 1093 446 1196 illos
457 1094 589 1192 spoliare
600 1094 696 1156 velint
707 1093 743 1157 iis
755 1093 889 1192 coronis,
900 1113 976 1176 ques
988 1105 1142 1194 tentopuo
1154 1091 1263 1156 merito
1274 1091 1313 1154 de
1367 1090 1380 1192 ι’
1512 1103 1513 1140 l

158 1175 1406 1360 ttrlltnitstltlttztnffltrrlnluffeld?tlzblbrdll

160 1351 274 1414 cedunt
295 1350 336 1412 ab
359 1347 530 1431 alterailla,
545 1369 636 1432 quam
659 1349 753 1412 Plato
776 1361 932 1432 nuncupat
955 1347 1254 1432 masopane,
1268 1365 1402 1430 quaeque

160 1437 261 1522 prima
274 1434 380 1498 oculos
394 1435 568 1498 hominibus
592 1435 720 1518 aperuit.
769 1432 902 1497 Minime
926 1433 1020 1496 miror
1034 1431 1291 1518 pulchritudinm
1314 1431 1402 1496 illam

161 1521 307 1598 divinam,
323 1539 393 1603 quae
408 1521 490 1604 apud
506 1519 678 1603 Scriptores
691 1518 786 1604 longi
809 1518 1076 1604 praestantiasimos
1089 1517 1197 1596 elucet,
1212 1518 1287 1582 istos
1300 1517 1403 1580 bonti-

161 1625 215 1670 nes
238 1627 301 1670 nou
324 1627 361 1668 ca
401 1627 444 1682 re,
459 1625 557 1687 neque
579 1605 717 1667 traherer
741 1625 850 1688 nempe
872 1603 1056 1666 infirmiores
1077 1616 1157 1681 sunt,
1171 1602 1264 1686 quim
1278 1617 1404 1666 utacu-

162 1693 209 1760 los
222 1692 313 1755 mutis
327 1627 539 1776 spidndoribus
553 1689 685 1753 intentos
699 1691 752 1752 diu
766 1703 868 1752 tenere
883 1701 1015 1772 queant:
1030 1709 1069 1752 ne
1083 1689 1185 1752 dicam
1199 1685 1321 1780 ducilem
1335 1707 1405 1752 esee

162 1797 225 1840 rem
238 1777 389 1860 Antiquos
403 1789 606 1852 contemnere,
622 1775 806 1837 laboriosam
822 1773 895 1836 veni
908 1771 1088 1858 intelligere.
1187 1779 1190 1788 ’

206 1861 301 1944 Quod
325 1863 366 1924 ad
381 1883 429 1923 me
444 1861 559 1938 attinet,
575 1859 706 1923 Divinos
728 1859 797 1922 illos
811 1857 905 1921 Viros
918 1881 957 1923 ax
973 1860 1077 1922 animo
1092 1871 1174 1924 totas
1191 1859 1327 1924 aanor
1347 1879 1404 1922 ve-

163 1965 324 2032 nerorque.
368 1946 436 2010 Eos
448 1947 523 2008 mihi
546 1965 664 2030 semper
678 1947 719 2008 ob
733 1945 839 2008 oculos
854 1965 947 2029 pono,
963 1945 1055 2022 velut,
1069 1943 1196 2012 radices
1208 1945 1359 2008 sunda
1372 1961 1405 2007 et

162 2035 365 2115 incorruptos,
390 2033 472 2117 apud
487 2051 564 2116 quus
585 2029 714 2094 libenter
727 2032 813 2114 liugn
833 2030 1021 2094 reddendam
1036 2031 1112 2094 milti
1130 2049 1197 2096 esre
1218 2030 1403 2115 scripturum

163 2139 301 2181 meorum
322 2117 481 2180 rationem.

205 2203 326 2285 Magni
340 2202 459 2266 interim
474 2202 571 2264 ducor
584 2199 775 2264 Posteritatis
784 2199 978 2266 'reverentiis
1002 2201 1139 2265 timidior
1152 2201 1244 2286 quim
1258 2200 1406 2266 fidentior

163 2289 278 2372 cogito,
291 2287 382 2370 quale
396 2288 435 2351 de
449 2287 591 2371 operibus
605 2288 690 2363 meis,
705 2287 731 2349 ai
744 2287 828 2350 bono
844 2307 899 2350 suo
915 2287 978 2352 lato
989 2309 1027 2351 eo
1040 2287 1199 2374 pervenire
1212 2285 1340 2372 possint,
1347 2287 1406 2370 ju·

164 2374 277 2438 dicium
291 2373 392 2437 latura
403 2373 450 2435 ait.
494 2371 567 2434 Non
583 2371 653 2434 ideti
666 2385 769 2434 tamen
781 2373 907 2436 minoris
922 2373 1042 2436 aestimo
1056 2373 1164 2438 doctos
1178 2372 1270 2450 viros,
1281 2371 1334 2456 qui
1345 2372 1405 2435 bo·

164 2459 214 2523 die
227 2460 352 2538 vivunt3
367 2458 454 2522 multi
469 2471 548 2534 sunt,
563 2455 669 2534 fateor,
685 2457 737 2540 qui
752 2458 886 2520 seculum
901 2473 1039 2522 nostrum
1053 2468 1215 2536 exornant,
1231 2458 1283 2544 qui
1297 2457 1407 2544 priora

206 2545 332 2610 tuissent
353 2561 521 2623 exornare5
543 2544 576 2605 in
599 2543 708 2626 quibus
731 2557 834 2607 tamen
857 2565 896 2608 ne
910 2565 1003 2607 unum
1019 2543 1142 2627 quidem
1166 2543 1248 2622 novi,
1272 2543 1325 2626 qui
1339 2563 1407 2608 non

185 2645 293 2696 oneret
306 2627 337 2694 et
350 2629 433 2693 colat
447 2629 598 2712 antiquos,
612 2628 663 2690 cui
678 2649 740 2690 non
764 2629 844 2692 idem
860 2631 943 2713 quod
958 2629 1020 2692 illis
1034 2630 1143 2714 sapiat,
1158 2642 1211 2692 aut
1225 2629 1278 2714 qui
1293 2649 1405 2692 eorum

163 2729 319 2802 praecepta
333 2737 395 2779 nou
409 2717 559 2792 observet,
574 2714 655 2776 unde
670 2728 817 2796 quantum
833 2713 1030 2786 aberraveris,
1045 2727 1164 2778 tantum
1180 2715 1220 2778 ab
1235 2713 1302 2798 ipsi
1314 2728 1407 2778 nata-

163 2803 199 2868 ri
212 2818 242 2865 et
256 2802 383 2865 veritate
406 2799 588 2863 discesseris
631 2798 742 2881 Neque
756 2821 863 2864 verear
876 2799 1070 2877 continuare,
1085 2821 1147 2864 uon
1161 2821 1227 2864 esse
1249 2799 1407 2864 difficilius

163 2890 228 2956 tine
242 2889 310 2950 luce
324 2899 377 2950 aut
390 2886 488 2949 oculis
502 2886 622 2968 objecta
637 2885 819 2970 perspicere,
834 2887 925 2968 quam
940 2886 1071 2950 solidam
1086 2885 1208 2950 laudern
1221 2885 1361 2970 adipisci,
1375 2899 1409 2949 et

162 2973 321 3056 ingenium
334 2971 475 3036 excolere
497 2971 565 3034 aliis
579 2970 760 3048 rationibus,
784 2972 874 3053 quam
899 2993 975 3056 qtras
997 2971 1101 3036 Graeci
1118 2986 1149 3038 et
1162 2971 1299 3035 Romani
1315 2971 1408 3034 nobis

162 3058 433 3141 proescripserunt:
449 3055 522 3118 Sive
536 3057 617 3120 enim
633 3056 764 3140 propriis
780 3056 875 3118 selieis
890 3057 1006 3139 ingenii
1021 3057 1137 3121 viribus
1152 3057 1261 3135 innixi,
1285 3055 1347 3120 sive
1362 3059 1408 3120 ab

163 3155 228 3206 arte
250 3155 280 3204 et
294 3141 400 3202 studiis
415 3142 562 3218 instructi,
578 3163 682 3204 earum
698 3142 833 3223 vestigiis
848 3143 1038 3205 succedimus
1058 3157 1170 3206 tamen.
1214 3140 1278 3225 Qui
1301 3153 1407 3206 autem

161 3227 316 3309 Antiquos
329 3226 487 3304 damnant,
502 3227 595 3288 causi
610 3249 672 3290 non
687 3226 822 3309 cogniti,
835 3249 898 3291 non
912 3229 967 3291 abs
979 3249 1011 3290 re
1025 3229 1092 3305 erit,
1104 3249 1157 3292 eos
1170 3227 1261 3292 semel
1272 3240 1302 3308 pt
1314 3227 1408 3290 simul

162 3326 248 3381 tanto
262 3331 366 3374 errore
380 3309 520 3388 liberare,
535 3325 569 3374 ut
583 3313 656 3396 ipsis
671 3314 773 3396 palam
789 3314 853 3391 liat,
867 3335 909 3391 se,
923 3315 997 3377 dnm
1012 3315 1109 3378 nimio
1131 3314 1163 3377 in
1178 3315 1257 3376 banc
1280 3325 1407 3376 etatem

163 3398 265 3462 studio
286 3398 452 3460 transversi
475 3419 509 3459 ra
532 3398 644 3474 icantur,
664 3399 728 3479 ejus
752 3398 843 3460 samse
858 3400 940 3499 apud
956 3413 1093 3483 posteros
1108 3399 1318 3482 gravissimum
1334 3397 1409 3460 vul·

163 3503 220 3548 aas
237 3484 445 3570 imprudentes
463 3420 611 3565 indigere.
639 3481 735 3564 Quod
749 3505 820 3546 nam
836 3506 917 3546 enim
932 3485 1103 3568 excogitari
1117 3497 1219 3569 potest
1232 3483 1340 3550 clarius
1353 3505 1409 3548 ur·

163 3583 344 3652 gumentum
360 3569 399 3632 ad
415 3568 508 3632 seculi
523 3568 656 3650 cujusvis
671 3569 889 3650 ignorantiam,
905 3585 956 3632 aut
972 3573 1073 3654 potius
1088 3571 1262 3634 barbariem
1278 3569 1411 3632 demon·

164 3655 331 3734 strandum,
347 3654 439 3738 quim
464 3654 547 3736 qudd
571 3654 613 3717 ibi
634 3652 791 3718 Homerus
806 3655 912 3718 audiat
926 3655 1054 3740 ineptae,
1069 3656 1163 3719 Plato
1187 3655 1227 3718 ad
1250 3654 1410 3719 fastidium

164 3740 311 3824 prolixos,
329 3737 506 3802 Aristoteles
522 3739 629 3824 partim
644 3741 761 3816 doetus,
775 3739 997 3804 Demosthenes
1012 3755 1041 3804 et
1057 3739 1170 3804 Cicero
1185 3741 1204 3803 e
1220 3739 1309 3804 trivio
1324 3739 1411 3804 Ora·

164 3825 284 3902 tusculi,
299 3822 450 3908 Virgilius
465 3823 566 3887 Poeta
579 3825 668 3887 nullis
683 3826 799 3908 gratiis,
815 3825 902 3888 nullo
914 3841 1035 3904 ornatu,
1047 3825 1196 3890 Horatius
1211 3825 1342 3909 denique
1356 3845 1412 3888 ru-

164 3908 222 3986 dis,
237 3909 368 3988 humilis,
383 3923 414 3973 et
428 3911 493 3973 sinc
506 3909 629 3974 nervis?
645 3909 796 3974 Barbarae
810 3911 873 3974 illae
888 3926 1002 3994 gentes,
1019 3934 1088 3996 quae
1104 3911 1261 3976 Graeciam
1277 3927 1307 3974 et
1322 3909 1412 3974 ltali-

164 3994 1412 4166 {dimittuntbisuntinustribub'blitlssrtli

165 4165 262 4230 dum?
277 4165 393 4230 Verium
409 4187 477 4250 spes
491 4179 536 4228 est
550 4188 612 4229 non
628 4167 683 4229 toti
699 4167 802 4230 seculo
817 4167 999 4252 imputatum
1014 4169 1052 4232 iri
1067 4162 1273 4252 quorundam‘
1285 4187 1412 4252 perver-

164 4271 230 4316 sum
240 4252 402 4334 judicium,
418 4273 475 4314 nec
489 4253 632 4334 Antiquis
646 4252 746 4314 fraudi
761 4251 836 4314 sore.

207 4335 336 4400 Frustra
359 4337 532 4423 imperator
545 4337 597 4399 ille
613 4357 697 4422 arma
713 4337 744 4398 in
760 4336 941 4414 Homerum,
957 4337 1134 4420 Virgilium,
1149 4337 1258 4402 Titum
1281 4335 1410 4401 Livium

143 4469 146 4485 .
164 4422 278 4482 movit:
293 4420 450 4485 lrrcnssum
466 4424 605 4486 cecidere
624 4421 701 4484 tanti
724 4441 873 4485 conatus:
888 4425 1000 4486 bellum
1015 4425 1248 4488 absolutissimis
1262 4424 1412 4508 operibus

166 4504 312 4568 indictum
326 4508 400 4588 quid
416 4509 500 4570 aliud
513 4509 585 4590 egit,
601 4507 658 4569 nisi
672 4507 712 4568 ad
725 4529 883 4572 numerum
896 4510 1078 4594 ineptiarum
1094 4512 1231 4588 accessit,
1243 4529 1306 4593 quo
1317 4509 1415 4572 labo-

60 4669 64 4680 Ι
165 4599 213 4648 rat
221 4588 314 4669 ipsius
323 4591 460 4670 historin,
470 4592 761 4673 cumulatioremque
772 4593 828 4678 ipsi
838 4595 984 4658 insidiam
995 4595 1078 4680 apud
1088 4609 1225 4681 posteros
1236 4593 1415 4660 condant?
