3032 4948
426 482 525 559 VlRl
550 485 704 563 CLARI
728 477 883 564 ANDR.
906 487 1118 564 DACERll

517 705 1039 869 ramerum

343 1069 425 1158 ru
467 1071 814 1163 unsrun
854 1073 1196 1166 sameas

434 1421 443 1431 ῃ
542 1339 1000 1388 Μ,

271 1587 276 1601 “
312 1582 358 1628 D!
372 1581 509 1628 Omni!
520 1581 563 1630 Π
577 1583 768 1628 PROGRESSU
782 1583 905 1628 ss'l'lu
919 1583 1068 1640 nortun,
1083 1583 1124 1625 H
1138 1581 1221 1636 QUAS

578 1667 785 1717 turturem
803 1667 967 1712 suntme·
1130 1671 1132 1680 ’

91 1777 110 1804 ⁹
156 1789 363 1878 HORATss
389 1809 507 1876 Satires
521 1810 641 1874 duobus
656 1808 759 1873 Libris
772 1813 1015 1896 comprehensas,
1030 1831 1110 1876 nunc
1127 1809 1278 1874 Sermones
1302 1833 1387 1878 nunc

160 1897 289 1975 Satias,
304 1897 389 1958 nullo
403 1895 577 1960 discrimine
591 1895 756 1981 appellavit
770 1896 853 1980 ipse:
874 1897 978 1960 verium
1014 1917 1085 1959 uum
1101 1895 1188 1959 Ideor
1203 1897 1300 1960 modis
1316 1899 1386 1982 qni-

157 1983 284 2046 busdam
300 1981 457 2044 distinctas
481 1981 584 2044 animo
653 1993 814 2044 raesentent
827 2001 864 2044 ea
877 1983 975 2044 vocab
1010 2003 1073 2059 a‚o
1113 2001 1156 2044 rae
1170 1981 1297 2065 pretium
1319 1983 1386 2046 sac-

158 2081 240 2129 turus
250 2065 366 2142 videor,
379 2066 413 2144 si,
426 2065 499 2148 quid
511 2065 627 2147 antiqui
691 2065 772 2128 mani
786 2087 839 2149 per
853 2063 986 2130 Satirora
998 2068 1059 2130 inte
1082 2067 1207 2142 exerint,
1217 2087 1384 2150 exponam.

156 2149 278 2214 Primus
293 2150 482 2214 doctissimus
497 2147 709 2226 Casaubonus,
724 2163 814 2231 atque
829 2150 906 2212 aded
921 2151 1001 2214 solus
1015 2152 1049 2213 in
1061 2171 1097 2213 eo
1112 2151 1236 2213 feliciter
1255 2173 1382 2235 operam

155 2235 266 2320 posuit,
280 2247 314 2297 ut
327 2235 546 2298 demonstraret
559 2253 629 2318 qnae
652 2247 683 2297 et
695 2235 792 2317 qualis
807 2249 884 2296 esset
905 2234 1014 2308 Poesis
1030 2235 1171 2317 Satyrica
1190 2235 1382 2316 Graecorum,

156 2342 225 2404 quae
240 2319 343 2382 Satira
356 2317 579 2382 Romanorum.
606 2317 664 2381 Est
677 2318 726 2382 ille
740 2319 817 2382 liber
832 2319 983 2402 quantivis
997 2319 1104 2405 pretii:
1119 2340 1175 2382 nec
1190 2320 1318 2384 diffiteor
1331 2343 1383 2386 me
1509 2355 1510 2386 ;

156 2407 226 2468 inde
240 2404 403 2489 plmimum
419 2405 554 2486 adjutum
569 2402 669 2466 fuisse.

197 2489 258 2554 Hic
272 2489 352 2552 enim
367 2504 412 2551 est
425 2487 548 2566 fructus,
563 2509 652 2572 quem
667 2510 706 2552 er
717 2488 927 2552 excellentium
947 2488 1081 2553 virorum
1103 2487 1260 2552 laboribus
1282 2493 1383 2576 perci-

154 2596 225 2658 pere
234 2575 396 2640 debemus:
411 2574 463 2656 qni
472 2573 541 2636 ided
551 2574 639 2636 nobis
648 2573 842 2658 praeivenmt,
853 2587 886 2635 ut
897 2574 928 2635 in
941 2575 1041 2657 spissis
1054 2575 1238 2656 antiquitatis
1249 2575 1383 2640 tenebris

155 2661 251 2722 lacem
267 2657 495 2722 succedentibus
510 2657 695 2742 praeserreut.
722 2657 753 2720 N
755 2680 795 2721 on
809 2671 910 2720 tamen
925 2658 956 2720 in
971 2659 1138 2742 superiores
1153 2659 1196 2721 ita
1209 2659 1290 2722 oculi
1304 2661 1383 2724 defi-
1508 2667 1509 2698 l

154 2743 257 2826 genili,
272 2758 306 2806 ut
319 2765 375 2828 pro
399 2743 449 2806 riis
464 2743 554 2806 etiam
570 2743 722 2824 gressibus
736 2763 797 2805 non
812 2743 1004 2806 attendamus
1017 2765 1025 2804 r
1053 2765 1107 2826 per
1120 2743 1188 2806 illes
1201 2745 1280 2806 enirn
1296 2745 1383 2808 ince-

154 2827 230 2892 dunt
244 2765 408 2912 aliquando
424 2827 554 2905 semitas,
568 2827 722 2910 inquibus
733 2849 795 2892 non
807 2841 903 2890 tutum
916 2829 953 2890 sit
964 2847 1015 2890 eos
1027 2829 1130 2910 sequi:
1144 2829 1176 2890 id
1188 2829 1269 2912 quod
1278 2843 1309 2892 et
1319 2851 1383 2914 ego
1402 2857 1409 2866 ·

155 2913 204 2975 lric
219 2915 297 2991 cavi,
313 2935 395 2997 saepe
407 2914 471 2974 vias
485 2914 593 2996 panim
609 2913 693 2974 tritas
708 2925 834 2989 secutus,
848 2912 927 2974 utin
941 2911 1104 2994 progressu
1141 2914 1242 2976 atebit.

196 2995 254 3062 Est
268 3011 367 3062 autem
383 2997 485 3060 Satira
499 2998 640 3079 quaedam
656 2995 792 3060 Podseos
806 2997 921 3082 species
936 2997 1002 3060 aliis
1017 2999 1106 3080 quim
1118 2933 1271 3062 &omanis
1291 3021 1381 3084 pror-

156 3101 205 3144 sus
220 3083 386 3164 incognita,
402 3103 458 3143 nec
470 3081 614 3144 ulliacum
630 3080 773 3164 Satyriei
787 3079 965 3144 Graecorum
1011 3082 1075 3146 obsi
1098 3084 1281 3164 cognatione
1304 3105 1382 3148 con-

149 3169 269 3248 juncta,
284 3187 354 3247 quae
368 3179 470 3228 tamen
484 3166 673 3245 quorundam
689 3167 848 3228 doctorum
863 3165 967 3249 opinio
983 3103 1047 3228 dut.
1092 3165 1297 3248 Quintilianus
1312 3189 1382 3232 om-

155 3271 221 3313 nem
237 3249 455 3313 dubitationem
470 3247 558 3327 tollit,
571 3251 640 3312 cium
654 3250 759 3312 scribit
769 3250 839 3313 Lib.
854 3251 874 3312 i.
890 3269 958 3334 cap.
977 3255 1023 3312 10.
1070 3249 1301 3336 Sotirnquidesn
1314 3263 1381 3318 tota
1506 3279 1507 3298 ¹

152 3345 253 3399 nostra
277 3343 327 3398 ert.
370 3331 446 3396 lude
468 3345 513 3395 est
535 3335 617 3416 quod
640 3332 788 3398 Horatius
811 3335 877 3398 Sat.
901 3339 949 3400 10.
966 3332 1037 3398 Lib.
1052 3336 1072 3398 i.
1087 3357 1149 3398 ver.
1165 3341 1216 3400 66.
1263 3337 1380 3402 &mais

152 3419 293 3484 intortum
307 3440 422 3483 cumen
437 3419 564 3481 dixerat.

194 3503 278 3568 Ecce
292 3505 347 3570 tibi
359 3523 534 3586 gennanarn
551 3503 639 3585 hujus
652 3504 737 3566 vocis
748 3504 999 3588 Etymologiarn:
1014 3505 1117 3570 Latini
1133 3505 1276 3572 Saturam
1288 3529 1380 3572 usur-

175 3589 266 3652 abant
278 3610 334 3674 pro
340 3587 442 3673 pleno,
452 3587 500 3648 cui
512 3587 551 3650 ad
563 3587 777 3670 perfectionem
790 3589 865 3652 nihil
877 3592 1008 3654 deesset:
1024 3592 1095 3654 hinc
1108 3589 1202 3654 Satur
1213 3591 1293 3656 color
1303 3594 1379 3658 crim

152 3611 223 3738 lona
237 3675 370 3736 colorem
385 3673 475 3757 plene
490 3671 691 3750 combibisset,
706 3693 762 3736 nec
797 3675 937 3757 uicquam
953 3676 993 3738 ad
1007 3676 1167 3738 tincturam
1183 3677 1273 3760 adjici
1286 3691 1379 3762 potu-

151 3753 230 3818 isset
252 3755 304 3820 Ex
318 3755 412 3820 Satur
422 3756 533 3818 factum
548 3753 671 3834 Satura,
684 3759 766 3840 qood
777 3695 884 3821 latera
896 3760 985 3822 etiam
998 3761 1075 3845 peri
1086 3760 1258 3840 efferebant,
1291 3783 1379 3826 uem·

130 3879 132 3888 x
152 3838 315 3902 admodum
329 3841 471 3903 mucimus
484 3853 514 3902 st
527 3861 688 3919 mmor,
703 3851 837 3926 optusum
851 3855 880 3904 et
893 3844 1028 3926 optimust.
1072 3841 1129 3908 Est
1142 3846 1235 3929 igitur
1253 3784 1380 3912 domes
1504 3903 1505 3906 ,

150 3921 344 4008 drir'ectr'oum,
374 3923 436 3986 uod
445 3923 620 3988 relationem
633 3926 724 3989 babet
735 3926 775 3989 ad
790 3924 1008 3992 substantivum
1018 3929 1200 3992 intellectum
1212 3952 1221 3991 r
1232 3931 1380 3998 dicebant
1504 3915 1505 3940 ¹

151 4007 230 4070 enim
240 4008 335 4108 prisci
352 3945 494 4070 daurom
507 4008 707 4092 intelligentes
721 4007 841 4074 lancem.
885 4009 964 4074 Erat
979 4026 1078 4076 autem
1095 4011 1208 4076 Satura
1227 4013 1300 4078 lonc
1318 4037 1379 4080 vas

152 4090 287 4178 (Gslhce
298 4113 339 4154 un
351 4089 465 4174 durna)
479 4113 567 4155 omne
578 4109 674 4176 genus
685 4093 830 4158 sumtibus
838 4095 999 4195 repletum,
1009 4119 1084 4180 quos
1096 4098 1201 4160 Cereri
1214 4101 1379 4180 quotannis
1503 4151 1504 4166 i

150 4189 180 4238 et
193 4174 330 4256 Baccho,
346 4188 380 4240 ut
393 4176 484 4238 totius
499 4179 570 4239 anni
585 4191 785 4262 proventuum
800 4193 958 4263 prrmrtsas,
974 4182 1080 4245 offerre
1095 4180 1251 4261 solebant;
1274 4187 1378 4268 cujus-

151 4262 233 4323 modi
249 4261 417 4326 oblationes
429 4279 469 4322 ex
483 4259 575 4322 variis
598 4264 758 4344 generibus
777 4265 854 4326 inter
873 4285 904 4326 ae
922 4266 1054 4330 confusis
1072 4280 1237 4330 nouerant
1256 4267 1378 4334 Graecis

152 4346 274 4410 omnino
287 4345 462 4429 incognitae,
494 4343 584 4408 uieas
594 4345 790 4430 appellabant
800 4373 941 4425 aarum
954 4349 1048 4422 θωωι,
1061 4365 1273 4425 memet
1287 4353 1377 4418 inle-
1502 4399 1503 4408 ÷

152 4429 459 4499 guminlbussanlus.
508 4427 640 4492 inmedes
658 4429 881 4498 Grammaticus
899 4427 1094 4502 accuratb'et
1116 4437 1197 4500 hunc
1214 4437 1379 4503 Romano-
1502 4437 1503 4440 '

152 4521 216 4566 rum
233 4531 346 4578 morem
361 4531 390 4579 et
411 4513 495 4581 vocis
511 4513 629 4578 Satura
644 4527 782 4580 naturam
797 4521 962 4618 explicavit
976 4523 1021 4585 his
1035 4523 1145 4600 verbis,
1160 4519 1252 4586 Lana
1265 4519 1378 4606 referta

153 4587 240 4666 svarais
254 4597 408 4684 multisque
424 4598 568 4688 primitiis
584 4597 686 4664 Sacris
705 4599 821 4666 Cereris
835 4603 1023 4688 inferebatur,
1039 4607 1099 4670 etti
1121 4604 1207 4690 cupid
1221 4619 1251 4669 et
1264 4609 1379 4670 uani·
1501 4647 1502 4678 r
