3032 4948
10 617 12 676 i

458 219 459 222 Ν
496 209 686 276 uuonan
708 187 961 280 susurrio.
1282 223 1350 286 sor-

109 375 241 504 ppmuere
256 353 388 418 volucrit
398 375 406 416 ε
422 356 510 438 cujus
523 357 690 422 admodum
704 357 879 444 imperfecte
892 381 933 424 es
947 359 1047 446 prisci
1055 359 1167 426 Latini
1175 363 1279 428 Setun
1289 365 1346 429 ba·

151 441 174 502 ri
188 453 310 523 poterat
323 439 446 516 notitia,
460 441 552 522 quale
566 441 681 506 scilicet
693 443 806 508 nura
819 465 955 524 carmen,
969 446 1053 528 quod
1067 447 1134 512 sola
1146 446 1268 512 Natura
1280 451 1345 516 dic·

10 535 12 598 l
108 525 258 602 titaverat,
274 537 442 607 antequam
464 525 577 608 injecta
598 541 677 590 esset
700 527 851 592 Romanis
875 527 1005 594 Graeoor
1018 529 1169 608 tutundi,
1182 553 1285 598 cortun
1306 557 1346 598 ue

89 667 96 678 .
177 609 213 672 'is
227 631 260 674 se
273 609 494 694 locupletandi,
508 611 666 692 cogitatio.
709 611 764 676 Ex
777 614 888 696 quibus
901 613 992 678 facilis
1006 614 1136 698 intelligi
1148 629 1249 700 potest
1281 555 1345 684 lod

142 695 245 772 oratii,
260 693 327 758 Sat.
345 701 373 758 l.
389 693 443 758 lib.
458 693 491 758 ii.
503 717 532 758 v.
547 699 600 758 62.

568 823 765 912 -Qn'dt
776 777 849 888 'clm
864 836 905 890 ert
918 823 1056 892 Lucilius
1070 851 1157 893 austu

277 905 401 972 Priasus
413 905 447 970 in
460 903 538 971 lune
551 909 647 996 operis
662 931 833 1012 componere
847 912 939 976 carni
949 935 980 976 ro
993 913 1129 979 morem?

107 1033 185 1103 Noli
200 1047 310 1120 putare
323 1031 488 1098 Horatium
502 1034 634 1100 voluisse
646 1035 759 1115 dicere,
773 1037 873 1102 nullas
888 1053 958 1102 aute
972 1037 1126 1108 Lucilium
1141 1040 1260 1108 Satires
1282 1042 1346 1108 iec-

107 1133 176 1184 us:
199 1119 274 1184 cinu
301 1117 453 1184 Lucilium
476 1122 687 1206 praecesserint
708 1121 829 1186 Ennius
842 1137 874 1186 et
886 1123 1053 1202 Pacuvius,
1081 1147 1211 1208 quorum
1226 1127 1277 1192 ille
1292 1147 1345 1192 ex·

103 1203 247 1289 emplum
261 1215 379 1268 reeutm
391 1217 445 1268 est.
489 1203 527 1270 ld
540 1205 639 1270 solum
653 1205 760 1285 voluit,
776 1207 929 1272 [amilium
944 1229 1058 1274 noveru
1069 1209 1182 1276 faciem
1195 1211 1266 1276 buic
1278 1234 1346 1278 car-

10 1289 11 1318 2
107 1290 186 1355 ming
199 1289 340 1367 inguim,
351 1289 436 1372 quod
446 1289 651 1374 perpoliverir,
663 1305 694 1354 et
704 1305 867 1377 propterea
877 1313 934 1378 pro
945 1295 1046 1378 primo
1056 1296 1143 1377 quasi
1155 1309 1279 1362 auctore
1290 1297 1346 1364 ba·

106 1375 258 1440 bendum.
300 1373 336 1438 lu
357 1373 465 1438 eidem
480 1375 538 1438 suit
559 1376 708 1440 renuntii
720 1375 939 1460 Quintilianus,
954 1377 1007 1444 llb.
1034 1400 1066 1444 rt.
1080 1401 1150 1466 cap.
1167 1389 1195 1446 1.
1241 1379 1346 1448 Satira

151 1459 230 1523 idest
238 1467 298 1524 rora
306 1467 408 1526 norun
419 1469 470 1539 et,
482 1460 515 1522 in
526 1461 587 1546 qud
596 1461 713 1546 pristes
723 1461 870 1548 insignem
881 1461 999 1528 lundras
1010 1463 1134 1548 adeptus
1145 1475 1187 1530 ur
1197 1465 1344 1532 Lucilius.
1369 1495 1372 1500 ·
1505 1463 1506 1466 '

141 1565 201 1608 ave
213 1543 262 1610 bic
274 1545 404 1630 pedibus
419 1545 451 1610 iu
466 1543 646 1610 casauboni
661 1549 916 1626 antecursores,
931 1551 983 1632 qui
997 1547 1157 1612 Diomedis
1171 1549 1231 1614 lide
1243 1551 1360 1630 irent,-

103 1629 203 1696 Ennii
215 1643 246 1694 et
256 1627 371 1694 Lucilii
385 1629 505 1696 Satires
518 1643 583 1694 toto
597 1651 709 1713 maere
722 1633 880 1696 dissentire
892 1634 1030 1698 credidit
1054 1631 1135 1698 Vide
1149 1635 1219 1718 ipsa
1234 1633 1346 1700 Gram-

105 1716 221 1780 metica
233 1717 339 1794 verba,
350 1735 422 1798 quse
434 1716 551 1780 subacti
559 1717 672 1800 judicii
686 1715 837 1782 criticum
851 1719 884 1782 in
895 1739 1028 1784 errorem
1041 1719 1237 1782 induxerunt.
1261 1718 1345 1788 Suti-

104 1821 144 1866 να
163 1809 207 1864 ert
227 1821 347 1866 carnea
369 1799 454 1886 apud
474 1799 640 1878 Romanor,
654 1823 714 1866 nos
737 1802 856 1888 quiden
937 1803 958 1867 d
976 1801 1106 1882 erem,
1120 1802 1303 1882 murium,
1318 1818 1346 1870 et

105 1885 148 1950 od
166 1883 318 1972 wrpeadc
337 1885 488 1951 dominun
508 1885 593 1962 sitio,
615 1885 751 1952 ,drclaeae
777 1825 935 1952 cariffi
959 1887 1124 1954 clarum
1146 1889 1344 1976 compositust,

106 1969 196 2056 quati
216 1969 399 2056 eripimur
420 1969 569 2050 Luciliu,
584 1982 612 2036 et
634 1969 796 2050 Horatius,
811 1982 840 2036 et
860 1971 995 2038 Persius.
1041 1971 1104 2038 Sed
1123 1971 1194 2038 olins
1206 1993 1333 2053 samm,

104 2055 258 2206 ml
264 2055 564 2206 werp
586 2055 1056 2208 ‘cinsentuna
1066 2057 1346 2223 unctu}

104 2227 147 2290 ab
159 2225 198 2290 et
211 2247 304 2310 quum
320 2227 441 2312 scripdt
453 2164 794 2294 Ennliltnl’acuvim.
816 2163 1077 2294 Ridiculagbnritem
1089 2242 1120 2294 et
1130 2229 1257 2294 omnino
1268 2229 1346 2294 salsa

105 2325 148 2376 est
170 2313 261 2395 bujos
284 2311 489 2378 distiucdouis
501 2333 549 2391 ea,
564 2333 656 2396 qnam
670 2315 781 2394 reddit,
795 2315 884 2380 ratio.
927 2313 1003 2380 Nou
1013 2315 1086 2378 sads
1111 2315 1346 2398 investigaverat

104 2397 199 2464 bomo
221 2397 354 2481 simplex
371 2411 513 2463 usurum
525 2412 557 2462 et
571 2397 724 2480 originem
736 2400 893 2482 utriusque
907 2399 1030 2478 Satirae,
1045 2421 1116 2484 quse
1130 2399 1258 2464 omnino
1271 2421 1347 2464 con·

104 2483 270 2548 audebunt
293 2495 355 2546 tam
378 2483 508 2548 meunt
530 2483 622 2568 quim
645 2484 753 2550 torma
795 2483 879 2549 Nam
903 2485 979 2548 nihil
997 2506 1035 2549 eo
1049 2483 1194 2548 attulerat
1206 2482 1348 2548 Lucilius

103 2581 216 2653 praeter
240 2567 346 2632 nitoris
360 2582 391 2630 et
404 2567 475 2632 salis
495 2568 677 2652 plusculum,
692 2569 724 2631 iu
736 2569 855 2634 summi
868 2571 913 2632 rei
935 2568 1019 2632 nulli
1040 2568 1155 2651 insigni
1176 2568 1347 2634 variatione

104 2653 196 2718 sacti.
240 2651 285 2716 Et
306 2673 483 2736 quanquam
503 2673 566 2716 non
581 2655 782 2736 conjunxerat
796 2653 885 2738 plura
898 2674 1040 2716 versuum
1055 2669 1169 2736 &nera
1183 2652 1216 2714 in
1237 2652 1345 2716 eodem

101 2739 251 2816 sumine,
266 2737 346 2802 sicut
358 2737 498 2802 Enuius:
512 2739 624 2802 fecerat
638 2752 741 2802 tamen
755 2739 875 2802 diversa
898 2737 1046 2814 carmina,
1061 2757 1190 2819 quorum
1215 2736 1276 2800 alia
1298 2737 1346 2802 in-

103 2839 193 2907 tegra
206 2821 355 2887 Versibus
369 2822 576 2902 Hexametris,
592 2824 654 2888 alia
667 2823 823 2902 lambicis,
838 2824 900 2886 alin
912 2821 1097 2886 Trochaicis
1111 2822 1300 2899 constabant,
1312 2835 1347 2884 ut

104 2909 204 2992 liquet
216 2929 258 2975 ex
273 2907 368 2994 ipsius
382 2909 571 2992 fragmentis.
604 2907 651 2972 Ut
663 2911 759 2974 verbo
772 2909 885 2986 dicum,
900 2909 924 2970 si
937 2906 1110 2970 Lucilianae
1123 2905 1234 2970 Satires
1246 2905 1346 2970 diver-

103 2994 130 3057 si
142 2994 270 3077 generis
283 2995 323 3058 ab
342 2993 495 3058 Ennianis
510 2994 581 3058 ideb
596 2995 757 3058 censendae
769 2995 839 3073 sint,
853 2993 936 3078 qudd
952 2989 1004 3056 iile
1019 2993 1099 3054 bunc
1114 2990 1266 3054 scribendi
1281 3003 1347 3054 arte

104 3079 201 3179 longis
216 3080 413 3182 superaverit,
429 3081 473 3144 uti
486 3079 584 3144 voluit
595 3079 810 3157 casaubonus,
823 3098 1011 3164 consequens
1021 3077 1080 3140 erit
1090 3075 1213 3140 Horatii
1225 3095 1347 3160 quoque

104 3163 226 3230 Sauras
248 3186 269 3228 s
283 3163 452 3228 Lucilinnis
466 3165 577 3229 diversi
593 3185 719 3250 prorsus
731 3165 825 3228 fnisse
838 3165 968 3248 generis,
984 3161 1230 3312 quandocpuidem
1243 3159 1347 3228 flora-

105 3251 164 3314 tins
179 3271 244 3314 non
257 3250 358 3315 minus
369 3251 472 3316 evexit
486 3249 605 3314 Satires
620 3271 689 3314 suas
705 3271 797 3336 supra
819 3249 973 3317 Lucilium
990 3247 1080 3332 quam
1095 3248 1117 3312 il
1130 3270 1147 3311 e
1162 3267 1232 3310 suas
1254 3263 1347 3331 supra

105 3333 245 3398 Ennium
259 3348 291 3398 ct
303 3333 473 3399 Pacuvium
489 3349 642 3400 evexerat.
687 3331 829 3400 Douanrn
845 3357 966 3419 quoque
981 3333 1085 3397 fefellit
1107 3333 1163 3398 iste
1185 3329 1347 3397 Diomedis

105 3421 203 3484 locas.
250 3417 320 3484 Hoc
333 3421 444 3486 noned
468 3421 534 3486 dixi
548 3419 630 3506 qubd
645 3441 779 3486 emerem
802 3421 899 3487 levem
914 3433 1067 3484 tantorum
1080 3417 1216 3480 virorum
1239 3429 1347 3480 notare

106 3506 274 3588 gaudeam,
289 3507 342 3570 sed
357 3505 455 3572 nolum
470 3519 503 3572 ut
516 3505 731 3584 demonstrem,
746 3503 861 3591 quanti
882 3525 952 3570 curn
967 3504 1043 3568 curi
1064 3517 1096 3570 et
1108 3499 1229 3565 cautelis
1241 3521 1346 3564 eorum

104 3612 203 3677 opera
216 3591 319 3675 legere
332 3605 482 3676 oporteat,
498 3591 551 3656 ubi
565 3591 604 3654 de
618 3613 651 3656 re
666 3592 768 3674 agitur
781 3591 913 3656 obscuri
927 3589 1004 3654 oded
1018 3601 1050 3652 et
1062 3584 1198 3670 antiqui.

148 3675 298 3760 Antiquae
312 3675 426 3742 Satine
440 3677 479 3740 ad
494 3676 605 3742 Scene
619 3697 707 3742 usum
723 3698 791 3742 com
815 3677 902 3742 ositoe
916 3673 1069 3740 Naturam
1083 3670 1258 3751 declaravi3
1279 3671 1348 3756 pla·

100 3782 180 3826 ‘num
194 3761 254 3826 ieci
268 3761 340 3828 inde
354 3762 528 3847 exemplum
541 3761 598 3826 sibi
611 3763 772 3846 sumpsisse
783 3699 939 3828 Lusium:
955 3760 1027 3826 satis
1039 3753 1170 3842 denique
1184 3755 1348 3824 confirma-

106 3863 172 3910 tum
188 3848 259 3912 dedi
274 3845 369 3912 Ennii
383 3847 575 3933 Pacuviique
589 3849 724 3930 ejusdem
738 3869 803 3912 esse
859 3845 939 3922 neris
953 3867 1024 3908 cum
1047 3843 1157 3908 Satiris
1179 3839 1294 3908 Lucilii
1317 3856 1348 3906 et

104 3931 243 4010 Horatii,
257 3933 341 4016 quod
355 3947 457 3996 tunes
471 3953 595 3996 carmen
610 3955 671 3996 uon
686 3932 743 3996 nisi
757 3935 797 3998 ab
843 3932 942 3998 oratio
955 3931 996 3996 ud
1008 3947 1180 4014 supremum
1192 3927 1346 4010 festigium

104 4019 287 4103 perductum
300 4032 353 4082 est
390 4015 463 4082 lam
475 4019 516 4084 ad
528 4018 656 4082 alterum
669 4017 780 4082 Satirae
793 4039 899 4102 genus,
911 4015 994 4100 quod
1007 4015 1108 4100 recepi
1120 4013 1348 4099 exponendum,

106 4103 193 4188 qnod
207 4117 238 4168 et
261 4103 361 4188 ipsum
375 4123 497 4188 qnoque
511 4105 552 4168 ab
567 4103 693 4186 antiqui
707 4104 858 4186 originem
873 4101 972 4179 duxit,
987 4115 1106 4186 tempus
1120 4113 1167 4163 est
1178 4097 1324 4162 ecoedere
1338 4115 1346 4156 ε

104 4211 144 4252 ea
166 4199 212 4253 est
236 4210 306 4272 quur
329 4188 502 4274 appellator
526 4187 633 4254 sarira
660 4187 859 4254 Varronianus
873 4188 923 4252 vel
935 4184 1118 4290 Muniprpen,
1133 4183 1216 4267 qudd
1230 4181 1349 4266 primus

104 4275 173 4358 ejus
197 4289 304 4338 auctor
326 4287 405 4337 esset
427 4273 530 4337 Varro
552 4271 765 4340 Romanorum
785 4275 986 4351 doctissimus,
1003 4273 1145 4356 quodque
1160 4270 1194 4330 iu
1206 4283 1349 4348 coepas!

102 4357 250 4446 Menippi
266 4357 463 4437 Gadarensis,
478 4357 662 4440 Philosophi
678 4359 803 4444 Cynici,
817 4379 916 4424 mores
931 4359 1064 4424 imitabis
1077 4369 1164 4420 esset.
1234 4435 1264 4452 ..

148 4442 219 4508 Nec
234 4443 300 4510 soli
311 4445 481 4508 omninum
492 4443 639 4508 varietate
654 4445 744 4508 mista
754 4462 799 4510 est
810 4447 868 4510 ista
880 4445 1002 4508 Satira:
1017 4462 1088 4506 nam
1101 4437 1203 4502 Varro
1215 4458 1242 4500 er
1255 4447 1348 4500 ruter-

103 4547 253 4620 posuerat
263 4551 400 4698 prosam
424 4529 605 4605 orationem,
617 4531 792 4612 promiscuo
805 4531 898 4592 etiam
913 4551 970 4594 usu
993 4525 1097 4588 Graeci
1111 4537 1142 4586 et
1154 4521 1260 4586 Latini
1274 4518 1349 4587 Ser·

104 4620 219 4684 morsis.
297 4616 474 4678 uintilianus
488 4613 527 4678 de
543 4613 655 4720 Lucilii
671 4615 773 4737 Satipi
794 4614 916 4676 locutus
939 4612 1032 4685 addit,
1047 4605 1185 4676 Alterura
1207 4605 1285 4674 iliud
1306 4614 1351 4670 ert
