3032 4948
119 3474 204 3557 qnod
254 3473 369 3536 oratius
383 3471 458 3533 dicit

510 187 697 252 DACERU
720 183 970 252 Pumrt‘rto.
1266 193 1328 256 303

8 317 9 324 .
104 351 167 402 tate
180 358 223 399 res
238 333 353 400 Satura
366 331 534 396 coematur.
562 332 656 432 Opus
666 334 784 420 generis
798 333 930 398 lancium
946 341 974 396 et
989 329 1185 418 Virgilium
1199 333 1327 422 Georgi·
1399 339 1403 352 '

105 425 149 487 cir
161 419 298 498 meminit,
314 416 377 491 cim
388 415 443 480 boc
457 417 542 480 modo
555 415 635 498 diest,

271 541 426 608 Muribus
440 552 467 604 et
475 543 745 690 pasdilpdsumnntiu
756 544 902 607 reddimur
917 553 994 606 ertu.

105 633 151 698 Et
210 669 213 676 ⁴
267 628 506 712 -ἰαποεεᾳιισ
520 637 547 689 et
603 627 767 712 nstramus.

104 759 259 842 Deinceps
282 757 322 818 ad
346 755 407 818 alia
430 755 623 817 miscellanea
637 755 782 821 translata
796 767 849 820 est
893 753 975 820 Fest.
991 753 1096 818 Satira
1110 754 1272 841 sibigenus
1294 779 1329 822 aa

105 843 197 907 variis
211 841 295 904 rebsu
309 839 466 902 eonditum.
509 837 659 922 Migravit
671 841 741 902 inde
755 841 794 903 ad
809 862 854 918 ea,
870 861 940 922 quas
954 840 1061 904 mentis
1075 853 1105 903 et
1116 841 1230 924 ingenii
1243 857 1311 904 stunt
1319 865 1330 921 ς

106 949 177 992 nam
200 925 279 1011 leges
305 925 431 987 Saturus
455 925 675 1010 nuncupirunt,
696 947 765 1008 quse
788 925 878 1008 plura
899 925 1011 1010 capita,
1031 937 1083 988 aut
1105 925 1205 1008 plures
1228 926 1330 990 titulos

107 1012 396 1096 complectebantur,
419 1021 452 1070 ut
473 1008 565 1094 legem
588 1007 713 1088 Julian,
730 1009 872 1094 Papium,
889 1007 1064 1094 Poppaeam,
1082 1031 1152 1157 qiuae
1174 1009 1331 1074 dicebatur

107 1095 249 1172 miscello,
276 1095 358 1177 quod
372 1093 449 1156 idem
465 1109 518 1171 est,
533 1116 570 1156 ac
586 1093 699 1156 Satura
708 1118 721 1170 ,·
736 1095 816 1156 unde
830 1093 965 1178 prosecta
979 1107 1024 1156 est
1036 1093 1098 1156 etil
1112 1095 1256 1159 elocutio
1299 1117 1331 1158 er

108 1182 255 1245 Saturam
267 1175 453 1264 legemserre,
468 1179 537 1240 crim
553 1201 614 1240 non
629 1181 743 1262 rogatis
757 1201 796 1242 ex
808 1179 913 1242 ordine
926 1178 1134 1258 Senatoribus,
1146 1201 1208 1244 non
1219 1117 1331 1242 coliic-

8 1311 10 1356 ,
106 1269 156 1344 tis,
177 1285 236 1328 nec
248 1263 440 1326 dinumeratis
453 1265 615 1340 sententiis,
628 1286 731 1326 onmes
744 1263 832 1326 simul
845 1279 873 1326 et
883 1263 1055 1349 promiscue
1068 1265 1244 1330 sententiam
1257 1265 1332 1326 lere·

8 1359 9 1372 .
106 1354 194 1428 bant,
207 1349 291 1432 quod
299 1347 420 1432 proprie
435 1347 592 1410 dicebatur
603 1371 656 1432 per
671 1347 811 1412 Saturam
825 1348 980 1412 sententiar
994 1347 1155 1432 aquirere,
1167 1371 1229 1433 qno
1239 1350 1331 1413 modo

105 1448 181 1522 post
197 1433 325 1496 Loelium
339 1431 455 1495 locutus
470 1447 514 1495 est
528 1433 697 1496 Sallustius.
721 1431 829 1516 Neque
843 1433 892 1496 bic
907 1433 1104 1497 constiterunt
1112 1456 1122 1512 3
1136 1435 1226 1498 etiarn
1241 1431 1332 1496 libros

8 1565 10 1590 ,
106 1519 259 1604 quosdam
282 1517 337 1580 bic
352 1517 556 1664 appellatione
571 1519 800 1602 insigniverunt,
815 1534 848 1581 ut
860 1517 1044 1582 Pescennius
1059 1515 1177 1597 Festus,
1191 1518 1242 1602 qui
1256 1515 1332 1581 His-

107 1603 203 1669 tcm'ns
219 1603 344 1666 Saturus
359 1623 396 1664 vc
420 1623 475 1686 per
491 1599 631 1666 Saturam
646 1603 733 1666 nobis
748 1605 841 1666 dedit.
948 1659 956 1676 ,

151 1687 203 1756 Ex
227 1688 272 1750 his
287 1687 427 1753 omnibus
442 1687 588 1772 exemplis
611 1686 694 1750 sacili
715 1689 780 1771 quis
796 1689 919 1772 negotio
933 1689 990 1752 sibi
1005 1688 1198 1772 persuadebit
1211 1685 1333 1750 Horatii
1405 1745 1415 1759 ,

8 1807 9 1812 ¹
109 1795 203 1860 opera
225 1773 296 1836 hinc
320 1773 447 1836 traxisse
468 1794 588 1850 nomen,
605 1771 779 1858 Satirnsque
803 1774 980 1920 appellatas,
996 1771 1078 1856 qubd
1091 1771 1188 1834 multis
1203 1783 1230 1836 et
1242 1772 1333 1836 onmis

109 1858 192 1921 rebus
206 1857 261 1920 bac
275 1879 390 1921 carmen
404 1855 540 1942 refertum
555 1867 634 1936 esset,
647 1860 801 1940 quomodo
835 1859 888 1920 icit
900 1857 1085 1957 Porphyrio.
1107 1856 1200 1939 Quod
1213 1857 1334 1939 quidem

111 1955 248 2028 exparte
262 1964 367 2004 verum
382 1957 445 2005 est:
459 1963 534 2004 cave
548 1943 627 2004 enim
639 1956 734 2026 putes,
747 1965 853 2006 vocem
866 1943 955 2004 nullis
965 1941 1219 2009 intercedentibus
1230 1941 1335 2024 gredi·

111 2031 181 2106 bus,
192 2027 241 2110 qui
256 2029 413 2090 transitum
428 2029 608 2111 praeberent,
621 2028 720 2090 statim
733 2029 791 2090 huc
804 2029 984 2090 deductam:
999 2028 1062 2109 ejus
1074 2027 1268 2108 migrationes
1280 2047 1334 2090 an·

113 2113 254 2195 tiquiores
268 2125 355 2174 erant
369 2113 399 2174 in
414 2111 490 2175 alias
504 2135 561 2189 res,
574 2135 648 2196 quas
663 2113 861 2196 propinquibs
873 2110 999 2176 Horatii
1012 2110 1165 2176 Sermones
1177 2111 1335 2194 continge·

111 2211 188 2262 rent.
231 2197 283 2260 Ad
307 2219 397 2278 quam
412 2217 475 2258 rem
490 2195 702 2280 explicandam
722 2199 790 2280 jam
806 2198 1004 2279 accingimur,
1018 2218 1087 2258 eum
1101 2196 1231 2260 secuturi
1253 2197 1335 2260 ordi·

113 2305 192 2361 nem,
208 2283 258 2366 qui
274 2283 331 2366 ipsi
346 2282 532 2346 Casaubono
546 2282 577 2344 in
592 2297 720 2344 mentem
737 2305 797 2346 non
813 2283 929 2345 videtur
945 2283 1080 2360 venisse3
1095 2282 1147 2364 qui
1169 2303 1207 2365 pe
1221 2301 1284 2344 rem
1299 2281 1336 2342 ei

112 2369 179 2430 luce
203 2367 366 2468 perfundit,
381 2379 414 2430 ut
437 2367 520 2433 nulla
544 2365 672 2452 amplius
695 2367 838 2452 cuiquam
861 2367 1048 2450 relinquatur
1071 2365 1111 2428 ad
1156 2365 1334 2430 ubitandum

111 2467 249 2518 materia.

152 2537 291 2601 Romani
305 2539 372 2600 cbm
390 2539 625 2624 quadringentos
640 2539 759 2604 circiter
773 2560 868 2602 annos
884 2536 1029 2600 Scenicos
1042 2535 1129 2598 ludos
1151 2537 1335 2618 ignorarent,

112 2645 183 2686 casu
199 2624 271 2686 dum
287 2624 351 2685 dies
365 2624 454 2686 sestos
468 2647 523 2708 per
536 2625 688 2688 licentiam
703 2638 733 2686 et
746 2623 900 2686 lasciviam
915 2621 1076 2702 agitarent,
1090 2621 1122 2681 in
1145 2618 1258 2682 Versus
1279 2617 1337 2680 Sa-

111 2709 230 2772 turnios
245 2721 275 2770 et
285 2706 490 2771 Fescenninos
504 2711 684 2786 inciderunt,
699 2708 750 2791 qui
765 2723 872 2792 postea
883 2707 914 2768 in
930 2705 1035 2767 Sennis
1046 2707 1234 2788 per'centum
1249 2715 1278 2764 et
1291 2702 1337 2763 vi·

112 2795 193 2878 ginti
208 2793 273 2856 feri
289 2811 384 2855 annos
398 2793 498 2856 locum
514 2815 599 2856 suum
615 2794 703 2857 tutati
718 2807 796 2856 sunt.

155 2877 293 2940 Fuerunt
307 2876 355 2952 isti
369 2873 482 2940 Versus
497 2879 626 2962 impoliti
640 2893 670 2942 et
680 2879 788 2964 parum
804 2874 965 2950 numerosi,
980 2885 1083 2956 utpote
1097 2871 1256 2950 subitanei,
1270 2883 1300 2934 et
1320 2872 1338 2934 i

8 3005 9 3052 g
113 2961 230 3050 populo
245 2961 302 3024 susi
318 2961 416 3024 adhuc
431 2963 498 3024 rudi
513 2979 543 3026 et
558 2965 677 3045 agresti,
694 2961 804 3046 quique
827 2978 889 3024 non
912 2959 1005 3022 alium
1027 2957 1205 3039 magistrum
1228 2970 1337 3034 nosset,

8 3055 10 3076 ²
114 3049 206 3133 quim
222 3047 365 3111 Cererem
379 3043 592 3110 etBaccbum.
636 3047 706 3110 Hoc
722 3069 817 3128 genus
832 3043 974 3107 carminis
989 3043 1157 3128 implebant
1170 3041 1339 3104 cavillatio·

114 3155 168 3198 nes
182 3147 213 3195 et
227 3131 393 3216 opprobria
411 3132 531 3208 rustica,
547 3133 688 3196 adhibitis
708 3129 996 3193 Gesticulationibus
1014 3143 1044 3190 et
1062 3127 1281 3190 Saltationibus
1299 3126 1340 3188 ri-

114 3219 234 3282 diculis.
278 3215 358 3281 Rem
373 3215 532 3298 intelliges,
548 3215 571 3278 si
586 3219 626 3278 ob
641 3218 748 3280 oculos
759 3215 814 3279 tibi
826 3233 979 3299 proponas
993 3214 1091 3276 bonos
1105 3214 1143 3274 de
1154 3233 1238 3296 pago
1260 3211 1340 3272 viros
1403 3281 1411 3292 ἱ

116 3303 298 3366 rusticorum
313 3321 396 3364 more
411 3299 563 3377 saltantes,
578 3323 641 3363 sese
655 3302 760 3366 mutui
774 3299 1015 3383 extemporaneis
1029 3296 1173 3360 conviciis
1192 3297 1341 3358 insectan-

117 3404 173 3466 tes,
186 3411 223 3450 ea
245 3407 284 3450 ue
297 3387 330 3448 in
343 3386 424 3448 vices
438 3387 652 3532 exprobantes,
667 3407 793 3468 qnorum
808 3386 886 3448 alius
900 3383 952 3446 alii
967 3381 1081 3446 conscii
1096 3395 1172 3444 sunt.
1216 3378 1286 3442 Hoc
1298 3395 1342 3441 est

502 3471 570 3554 pist.
588 3477 615 3534 1.
630 3471 684 3534 lib.
699 3472 769 3534 iiv.
788 3475 856 3534 145.

226 3651 233 3668 ,
288 3595 471 3660 Fescennina
479 3617 538 3680 per
552 3594 627 3658 bunc
641 3596 758 3660 inuenta
772 3593 890 3658 licentia
903 3615 1009 3656 morem

295 3679 436 3744 Versibus
448 3679 569 3743 alteruis
583 3677 744 3766 opprobria
757 3681 866 3742 rustica
882 3677 975 3764 fudit.

116 3808 277 3874 lustenam
291 3807 371 3870 banc
385 3818 415 3867 et
428 3805 621 3888 impotentem
637 3805 789 3866 licentiam
805 3805 923 3887 excepit
935 3825 997 3865 non
1012 3803 1054 3864 ita
1068 3799 1162 3864 multi
1177 3801 1246 3885 pbst
1268 3803 1345 3866 alius

118 3893 242 3976 generis
265 3909 399 3966 carmen,
417 3890 591 3972 castigatius
615 3889 735 3970 quidem
760 3888 845 3965 illud,
863 3889 914 3950 sed
938 3887 1077 3950 refertum
1101 3887 1191 3950 etiam
1214 3887 1345 3949 dicteriis

118 3978 162 4042 ad
174 3976 359 4038 movendum
370 3975 461 4036 risum
474 3974 668 4058 comparatis,
680 3973 762 4055 quod
774 3987 874 4036 tamen
886 3973 962 4034 nihil
973 3971 1166 4056 turpitudinis
1178 3971 1345 4046 admiserim

12 4094 21 4127 ε
117 4059 294 4145 comparuit
307 4061 366 4120 boc
378 4079 499 4120 carmen
513 4060 567 4120 sub
580 4057 691 4121 Satirae
704 4057 825 4121 nomine
839 4059 878 4120 ob
890 4057 1064 4120 varietatem
1077 4077 1162 4120 suam
1176 4078 1184 4117 r
1200 4077 1268 4138 quae
1280 4053 1346 4134 qui-

117 4147 191 4209 dem
204 4135 307 4207 Satira
321 4156 418 4205 certos
433 4141 538 4205 babuit
551 4142 662 4220 modos,
677 4143 697 4204 i.
713 4165 739 4206 e.
761 4143 906 4204 musicum
930 4155 960 4204 et
982 4156 1198 4223 congruentem
1221 4151 1345 4211 motum,

16 4248 22 4260 ·
117 4230 265 4314 relegatis
299 4229 410 4292 estibus
422 4227 519 4290 minus
531 4227 672 4290 honestis.
693 4225 785 4290 Titus
801 4227 917 4304 Livius,
927 4225 980 4288 lib.
995 4227 1046 4289 vii.
1062 4217 1130 4309 ca'p.
1144 4227 1174 4288 2.
1193 4219 1228 4285 V
1225 4237 1347 4284 eradca-

18 4361 19 4376 .
117 4315 159 4378 bis
175 4312 256 4396 nrtifi
338 4361 345 4390 ,
361 4311 433 4396 qaia
446 4309 550 4372 Hister
568 4309 664 4372 Tusco
678 4311 764 4374 uerba
779 4310 882 4374 Ludio
895 4311 1064 4386 uocabatur,
1079 4329 1182 4374 nomen
1196 4303 1347 4368 histrioni·

19 4431 20 4436 .
117 4403 180 4464 bus
197 4397 333 4475 inditum,
346 4397 401 4541 pai
413 4417 485 4471 noa,
498 4395 572 4458 sicut
585 4405 663 4471 ante,
676 4393 858 4461 Fescennino
881 4418 964 4460 uersu
986 4393 1107 4456 umbem
1128 4386 1348 4534 inconpositum

119 4477 227 4547 temeri
249 4499 284 4544 dc
306 4505 342 4543 ru
366 4503 408 4542 em
423 4477 544 4544 alternis
559 4477 721 4564 jaciebant,
736 4479 787 4541 sed
799 4481 932 4564 impletas
946 4477 1039 4540 modis
1054 4475 1189 4550 Saturus,
1225 4473 1348 4558 ascripto

116 4569 183 4652 jum
200 4565 241 4630 nti
255 4565 399 4628 tibicinem
415 4573 511 4642 canni,
526 4573 662 4650 motuque
675 4563 850 4648 congruenti
867 4561 1061 4647 peragebant.
1089 4555 1164 4622 Non
1187 4557 1350 4622 abludebat
