2954 4964
152 267 203 312 nv
592 236 933 304 CHRONOLOGLL

149 385 240 452 dano
254 383 292 450 ab
309 374 348 450 U.
369 379 407 450 0.
450 383 540 450 dono
555 395 623 450 oete
636 383 669 448 J.
689 383 727 450 G.
768 385 860 452 dano
875 383 955 450 Hor.
1040 381 1289 461 CONSULES.

641 518 684 576 2³
863 517 901 577 ιι
940 467 1199 634 {iturust

190 639 340 706 Phraates
353 651 462 704 contra
474 638 655 719 Tiridatem,
670 641 724 724 qui
740 639 921 704 Parthicum
934 659 1063 722 regnum
1078 651 1292 724 occupaverat,
1306 639 1378 706 erim
1474 647 1475 706 l

150 724 335 809 Scytharum
348 726 547 790 auxiliaribus
558 727 653 810 copiis
664 725 875 810 proficiscitur.
899 723 1055 788 Tiridates
1066 725 1107 788 ad
1118 723 1291 806 Augustum
1303 746 1380 790 eon·
1474 737 1475 740 ’

149 810 237 893 fugit,
252 831 341 894 quem
364 811 421 874 sibi
443 809 514 874 dedi
537 831 591 894 per
612 810 729 894 legatos
752 810 885 894 postulat
907 807 1065 871 Phraates.
1099 808 1153 875 Fit
1176 810 1235 876 Od.
1263 815 1315 872 26.
1348 823 1380 872 et

150 899 199 958 39.
215 893 286 958 Lib.
302 895 322 956 i.
337 895 409 958 item
423 899 454 958 4.
470 893 541 958 Lib.
555 893 720 958 1101129.
736 893 808 960 Lib.
823 895 866 958 iii.
879 892 1044 958 Clauditur
1057 892 1155 956 Janus
1164 897 1231 976 jam
1243 898 1299 958 sub
1310 893 1378 982 Au-

151 993 241 1062 gusto
255 978 430 1044 secundum.
969 1021 1126 1104 Augustus
1136 1017 1182 1087 x

333 1089 396 1147 ’129
643 1089 687 1148 22
863 1087 907 1146 42
940 1022 971 1250 {A

192 1190 349 1274 Augustus
364 1191 529 1254 exercitum
543 1191 576 1252 in
593 1189 721 1266 Arabes,
735 1189 812 1252 duce
835 1187 919 1252 AElio
970 1104 1203 1274 Mgldorfflbgnybli
1225 1189 1380 1254 Praefecto

152 1277 251 1339 mittit
274 1273 373 1339 Facta
396 1275 456 1338 Od.
480 1279 533 1338 29.
557 1274 628 1337 Lib.
652 1275 672 1336 i.
694 1272 826 1336 Moritur
842 1273 1016 1355 Quintilius
1042 1273 1144 1358 Varus
1167 1273 1278 1353 Poeta,
1303 1297 1381 1358 cog·

152 1361 275 1460 natiope
303 1361 483 1458 conjunctus
506 1359 654 1460 Ι11131110,
683 1359 732 1420 cui
759 1357 946 1422 consolando
973 1358 1092 1443 scripsit
1117 1357 1195 1422 Hor.
1230 1359 1291 1460 Qd.
1322 1365 1379 1424 24.

152 1439 1381 1610 Mullitnttltf¹l¹tt¹stttsstlizllbttltlt'lttlt‘lldt?

184 1615 214 1676 d.
238 1617 267 1676 9.
292 1612 363 1676 Lib.
386 1613 430 1676 iii.
451 1613 608 1696 Augustus
631 1631 670 1674 ex
693 1609 846 1694 Hispania
866 1613 1078 1690 reversus,ubi
1100 1612 1270 1697 periculoso
1292 1613 1381 1676 labo·
1475 1631 1476 1646 ¹

151 1711 271 1762 raverat
292 1700 410 1761 morbo.
442 1695 588 1760 Reditum
611 1697 692 1758 hunc
714 1695 848 1760 celebrat
869 1696 929 1758 Od.
957 1702 1006 1762 14.
1026 1696 1097 1761 Lib.
1122 1697 1164 1760 iii.
1196 1695 1267 1762 Huc
1288 1699 1381 1762 etiam
1475 1703 1476 1750 ἶ

153 1783 255 1848 referri
269 1795 369 1869 potest
383 1781 445 1844 Od.
461 1785 512 1846 36.
527 1779 599 1844 Lib.
614 1781 635 1844 i.

864 1911 908 1972 43
970 1864 1021 1928 Au
1114 1865 1200 1930 le.

332 1913 396 1973 rso
643 1913 682 1971 ar
941 1867 1011 2032 {cn
1055 1949 1101 2012 ἰεῦ

194 2035 269 2098 Non
293 2036 357 2098 siue
382 2036 499 2100 ratione
525 2037 605 2100 hunc
630 2055 743 2099 annum
769 2047 906 2120 spectare
930 2033 1071 2098 videntur
1094 2033 1157 2097 od.
1186 2039 1238 2097 39.
1261 1993 1332 2100 Lib.
1359 2037 1381 2099 1.

154 2121 215 2185 Od.
234 2125 281 2185 13.
297 2118 369 2185 Lib.
385 2121 418 2184 ii.
434 2121 495 2185 Od.
514 2126 562 2186 19.
577 2133 608 2184 et
621 2125 672 2186 89.
688 2119 759 2186 Lib.
774 2121 817 2184 iii.

334 2253 394 2313 ⁷³¹
644 2249 688 2311 2⁰
866 2252 910 2312 ⁴⁴
973 2201 1204 2352 illuit

196 2375 387 2476 Supplicium
400 2375 438 2440 de
452 2375 575 2440 Fannio
589 2375 751 2460 Coepione,
763 2389 794 2438 et
806 2373 929 2476 Licinio
940 2373 1082 2452 Murena,
1096 2373 1194 2460 (cujus
1206 2393 1291 2438 soror
1300 2369 1381 2438 Mre-

153 2473 252 2524 cenatr
263 2473 417 2546 nupserat,
432 2459 445 2547 )
461 2461 493 2525 in
506 2462 680 2544 Augustum
695 2463 933 2544 conjurantibus,
948 2471 1114 2558 sumptum..

333 2591 397 2654 ..2
648 2592 687 2652 ..
866 2591 908 2652 ..
942 2543 1165 2714 111111.

194 2715 338 2780 Exeunte
351 2717 411 2780 hoc
425 2739 519 2794 anno,
534 2729 588 2782 aut
601 2727 744 2800 sequente
757 2716 879 2779 ineunte
893 2715 1006 2800 scripta
1028 2728 1074 2777 est
1096 2713 1167 2777 Lib.
1191 2713 1212 2776 1.
1235 2711 1297 2799 Ep.
1328 2717 1379 2776 2⁰.

152 2797 327 2882 Moecenati,
343 2802 394 2886 qni
402 2804 471 2887 jam
486 2803 591 2868 decem
606 2801 735 2886 ampliirs
750 2821 847 2865 annos
859 2801 928 2866 rubi
951 2799 1112 2885 praeseetus
1125 2797 1233 2878 fuerat,
1248 2799 1383 2862 succedit

152 2887 303 2972 Agnppa'
973 2927 1020 2992 M.
1035 2925 1178 2992 Aurelius

331 2995 396 3054 ⁷³³
647 2997 686 3056 ¹8
866 2997 907 3058 4⁰
975 3013 1013 3076 Ρ.
1029 3013 1122 3076 sinus
1135 3009 1241 3074 uem

194 3089 339 3156 Tiberius
359 3116 428 3158 cum
449 3097 578 3196 imperio
598 3097 630 3158 in
652 3096 810 3160 Orientem
833 3099 950 3174 missus,
978 3096 1147 3178 Tigranem
1169 3095 1203 3158 in
1224 3093 1382 3174 Ameria,

149 3177 318 3244 Phraatem
343 3177 376 3244 in
398 3177 527 3244 Parthia
548 3201 678 3263 regnum
702 3182 839 3244 restitnit.
883 3181 982 3264 Signa
1005 3179 1159 3256 Romana,
1186 3200 1256 3262 quoe
1271 3177 1382 3244 Phrtbi

153 3262 268 3326 Crasso
290 3276 321 3324 et
341 3259 387 3328 Μ.
413 3265 551 3328 Antonio
572 3265 769 3343 abstulerant,
793 3265 922 3343 reddita,
936 3264 1130 3345 Romamque
1152 3265 1285 3340 remissa,
1300 3261 1381 3327 Hor.

153 3348 257 3410 scribit
279 3345 351 3411 Lib.
373 3349 394 3412 i.
417 3347 479 3435 Ep.
504 3353 534 3412 3.
547 3355 580 3414 4.
603 3361 634 3412 et
656 3357 686 3411 7.
709 3361 743 3412 ut
764 3360 795 3412 et
815 3349 909 3434 paulo
923 3361 993 3414 ante
1007 3346 1068 3410 Od.
1087 3352 1135 3411 19.
1151 3361 1181 3411 et
1195 3353 1246 3412 30.
1271 3347 1342 3412 Lib.
1360 3351 1383 3412 i.

154 3429 258 3496 0112
273 3432 345 3497 Lib.
361 3433 393 3497 ii.
408 3447 439 3496 et
452 3433 514 3498 Od.
527 3439 559 3500 4.
574 3433 647 3499 Lib.
661 3433 705 3496 iii.

333 3564 397 3625 *134
653 3567 691 3627 rr
862 3565 904 3625 rr
972 3515 1012 3688 g·
1029 3516 1382 3669 ffiffffmsmm

195 3685 389 3752 Debellatum
404 3689 436 3751 in
447 3687 600 3790 Hispania
614 3711 668 3774 per
682 3689 863 3838 Agrippam,
874 3709 922 3754 res
934 3687 953 3750 i
963 3651 1092 3752 Tiberio
1104 3689 1136 3752 in
1146 3687 1273 3754 Oriente
1285 3703 1382 3770 gestae

152 3765 287 3835 Romam
301 3772 405 3836 illatte.
422 3773 537 3838 Scribit
547 3772 625 3838 Hor.
641 3773 755 3859 Epor.
801 3773 842 3836 ib.
857 3773 878 3836 i.
893 3771 1005 3856 Virgil.
1020 3773 1156 3838 Athenas
1168 3772 1381 3858 proficiscitur.

153 3853 289 3938 Megaris
304 3857 335 3920 in
349 3859 489 3922 morbum
504 3859 620 3938 incidit,
635 3857 801 3924 Brundusii
816 3857 943 3922 moritur
953 3877 963 3921 t
975 3857 1080 3923 Romi
1093 3859 1296 3922 discedentem
1308 3878 1383 3942 pro-

154 3955 272 4004 secutus
299 3956 344 4004 est
369 3939 448 4008 Hor.
477 3942 539 4008 Od.
563 3949 593 4010 3.
617 3941 688 4008 Lib.
712 3944 732 4006 i.
770 3941 851 4006 Huic
875 3965 956 4008 armo
981 3945 1073 4008 etiarn
1099 3943 1230 4026 supponi
1255 3957 1384 4028 possunt

154 4021 214 4088 Od.
231 4029 261 4088 9.
276 4023 346 4089 Lib.
362 4027 395 4090 ii.
410 4040 442 4094 et
456 4025 522 4092 Sat.
538 4033 568 4092 ⁵.
584 4027 655 4092 Lib.
671 4029 702 4092 ii.
717 4039 773 4092 nec
787 4027 886 4092 minus
899 4029 1060 4092 commode
1075 4048 1157 4092 anno
1173 4030 1244 4092 128.

333 4157 395 4218 ...
646 4160 685 4221 ..
864 4109 1197 4280 urrann

334 4326 396 4386 rao
646 4327 686 4389 rr
864 4328 908 4390 re
941 4281 1152 4452 {ggffi

196 4443 303 4512 Ludos
317 4449 475 4515 Seculares
489 4452 574 4516 dedit
594 4453 760 4537 Augustus.
789 4451 923 4517 Carmen
938 4451 1084 4520 Seculare
1097 4451 1191 4540 paulo
1206 4461 1276 4516 ante
1288 4469 1383 4536 pora·

154 4545 241 4593 verat
254 4531 331 4597 Hor.
347 4547 380 4598 ut
393 4549 423 4600 et
437 4535 498 4601 Od.
513 4541 564 4602 21.
579 4535 650 4602 Lib.
665 4539 685 4601 i.
701 4535 762 4603 Od.
777 4541 808 4600 6.
823 4537 894 4602 Lib.
910 4540 951 4603 iv.
966 4552 997 4604 at
1010 4534 1073 4626 Ep.
1089 4543 1138 4604 13.
1153 4535 1226 4602 Lib.
1241 4535 1262 4598 i.
1278 4533 1381 4622 etEp.

156 4618 184 4678 1.
198 4611 269 4679 Lib
283 4617 316 4680 ii.
331 4621 370 4684 ad
384 4621 472 4708 hujus
487 4623 559 4688 anni
573 4624 665 4688 linem
678 4623 782 4688 referri
796 4637 931 4708 pomum
