<?xml version="1.0" encoding="UTF-8"?>
<!DOCTYPE html PUBLIC "-//W3C//DTD XHTML 1.0 Transitional//EN"
    "http://www.w3.org/TR/xhtml1/DTD/xhtml1-transitional.dtd">
<html xmlns="http://www.w3.org/1999/xhtml" xml:lang="en" lang="en">
 <head>
  <title>
</title>
<meta http-equiv="Content-Type" content="text/html;charset=utf-8" />
  <meta name='ocr-system' content='tesseract 3.04.00' />
  <meta name='ocr-capabilities' content='ocr_page ocr_carea ocr_par ocr_line ocrx_word'/>
</head>
<body>
  <div class='ocr_page' id='page_1' title='image "./quintihoratiifl02dacigoog_0010.png"; bbox 0 0 2954 4964; ppageno 0'>
   <div class='ocr_carea' id='block_1_1' title="bbox 382 503 1005 884">
    <p class='ocr_par' dir='ltr' id='par_1_1' title="bbox 382 503 1005 884">
     <span class='ocr_line' id='line_1_1' title="bbox 382 503 1005 602; baseline 0.002 0"><span class='ocrx_word' id='word_1_1' title='bbox 382 505 445 602; x_wconf 85' lang='lat' dir='ltr'>u.</span> <span class='ocrx_word' id='word_1_2' title='bbox 478 503 744 596; x_wconf 75' lang='lat' dir='ltr'>nonsun</span> <span class='ocrx_word' id='word_1_3' title='bbox 777 507 1005 602; x_wconf 76' lang='lat' dir='ltr'>aurem</span> 
     </span>
     <span class='ocr_line' id='line_1_2' title="bbox 503 733 875 884; baseline -0.016 -25"><span class='ocrx_word' id='word_1_4' title='bbox 503 733 568 861; x_wconf 86' lang='lat' dir='ltr'><strong>V</strong></span> <span class='ocrx_word' id='word_1_5' title='bbox 610 735 643 852; x_wconf 94' lang='grc' dir='ltr'>Ι</span> <span class='ocrx_word' id='word_1_6' title='bbox 690 736 747 854; x_wconf 87' lang='grc' dir='ltr'>Τ</span> <span class='ocrx_word' id='word_1_7' title='bbox 792 737 875 884; x_wconf 78' lang='grc' dir='ltr'>Α,</span> 
     </span>
    </p>
   </div>
   <div class='ocr_carea' id='block_1_2' title="bbox 659 981 725 1032">
    <p class='ocr_par' dir='ltr' id='par_1_2' title="bbox 659 981 725 1032">
     <span class='ocr_line' id='line_1_3' title="bbox 659 981 725 1032; baseline 0.045 -3"><span class='ocrx_word' id='word_1_8' title='bbox 659 981 725 1032; x_wconf 79' lang='lat' dir='ltr'>PER</span> 
     </span>
    </p>
   </div>
   <div class='ocr_carea' id='block_1_3' title="bbox 248 1123 1148 1242">
    <p class='ocr_par' dir='ltr' id='par_1_3' title="bbox 248 1123 1148 1242">
     <span class='ocr_line' id='line_1_4' title="bbox 248 1123 1148 1242; baseline 0.016 -13"><span class='ocrx_word' id='word_1_9' title='bbox 248 1123 714 1230; x_wconf 85' lang='lat' dir='ltr'>LUDOVICUM</span> <span class='ocrx_word' id='word_1_10' title='bbox 757 1129 1148 1242; x_wconf 86' lang='lat' dir='ltr'>DESPREZ.·</span> 
     </span>
    </p>
   </div>
   <div class='ocr_carea' id='block_1_4' title="bbox 1 1540 1298 3910">
    <p class='ocr_par' dir='ltr' id='par_1_4' title="bbox 1 1540 1298 3910">
     <span class='ocr_line' id='line_1_5' title="bbox 64 1540 1292 1655; baseline 0.016 -30"><span class='ocrx_word' id='word_1_11' title='bbox 64 1540 127 1638; x_wconf 85' lang='lat' dir='ltr'>Q.</span> <span class='ocrx_word' id='word_1_12' title='bbox 155 1557 412 1627; x_wconf 75' lang='lat' dir='ltr'>&#39;HORATIUS</span> <span class='ocrx_word' id='word_1_13' title='bbox 438 1557 645 1624; x_wconf 80' lang='lat' dir='ltr'>FLACCUS</span> <span class='ocrx_word' id='word_1_14' title='bbox 668 1561 699 1624; x_wconf 91' lang='lat' dir='ltr'>in</span> <span class='ocrx_word' id='word_1_15' title='bbox 714 1561 850 1627; x_wconf 83' lang='lat' dir='ltr'>Venusia</span> <span class='ocrx_word' id='word_1_16' title='bbox 869 1565 993 1650; x_wconf 71' lang='lat' dir='ltr'>Apuliae</span> <span class='ocrx_word' id='word_1_17' title='bbox 1012 1573 1126 1655; x_wconf 90' lang='lat' dir='ltr'>oppido</span> <span class='ocrx_word' id='word_1_18' title='bbox 1139 1589 1292 1644; x_wconf 90' lang='lat' dir='ltr'>natusest.</span> 
     </span>
     <span class='ocr_line' id='line_1_6' title="bbox 66 1645 1295 1730; baseline 0.008 -18"><span class='ocrx_word' id='word_1_19' title='bbox 66 1649 229 1712; x_wconf 74' lang='lat' dir='ltr'>&#39;Palm</span> <span class='ocrx_word' id='word_1_20' title='bbox 254 1646 361 1710; x_wconf 85' lang='lat' dir='ltr'>babuit</span> <span class='ocrx_word' id='word_1_21' title='bbox 387 1645 572 1720; x_wconf 83' lang='lat' dir='ltr'>libertinum,</span> <span class='ocrx_word' id='word_1_22' title='bbox 598 1657 628 1708; x_wconf 87' lang='lat' dir='ltr'>et</span> <span class='ocrx_word' id='word_1_23' title='bbox 652 1647 844 1710; x_wconf 80' lang='lat' dir='ltr'><strong>exactionum</strong></span> <span class='ocrx_word' id='word_1_24' title='bbox 870 1665 1063 1716; x_wconf 75' lang='lat' dir='ltr'>coactorum:</span> <span class='ocrx_word' id='word_1_25' title='bbox 1092 1659 1295 1730; x_wconf 73' lang='lat' dir='ltr'>Salsamenta·</span> 
     </span>
     <span class='ocr_line' id='line_1_7' title="bbox 65 1727 1295 1828; baseline 0.01 -32"><span class='ocrx_word' id='word_1_26' title='bbox 65 1735 145 1796; x_wconf 74' lang='lat' dir='ltr'>num</span> <span class='ocrx_word' id='word_1_27' title='bbox 164 1733 310 1796; x_wconf 78' lang='lat' dir='ltr'>scribam</span> <span class='ocrx_word' id='word_1_28' title='bbox 323 1729 432 1816; x_wconf 79' lang='lat' dir='ltr'>uliqtri:</span> <span class='ocrx_word' id='word_1_29' title='bbox 448 1729 486 1790; x_wconf 83' lang='lat' dir='ltr'>eti</span> <span class='ocrx_word' id='word_1_30' title='bbox 501 1727 582 1812; x_wconf 82' lang='lat' dir='ltr'>qudd</span> <span class='ocrx_word' id='word_1_31' title='bbox 596 1729 628 1792; x_wconf 93' lang='lat' dir='ltr'>in</span> <span class='ocrx_word' id='word_1_32' title='bbox 644 1730 836 1794; x_wconf 86' lang='lat' dir='ltr'>altercatione</span> <span class='ocrx_word' id='word_1_33' title='bbox 849 1735 972 1816; x_wconf 86' lang='lat' dir='ltr'>quidum</span> <span class='ocrx_word' id='word_1_34' title='bbox 987 1735 1118 1804; x_wconf 83' lang='lat' dir='ltr'>Horatio</span> <span class='ocrx_word' id='word_1_35' title='bbox 1129 1750 1295 1828; x_wconf 83' lang='lat' dir='ltr'>exprobra-</span> 
     </span>
     <span class='ocr_line' id='line_1_8' title="bbox 65 1811 1295 1915; baseline 0.02 -43"><span class='ocrx_word' id='word_1_36' title='bbox 65 1820 158 1894; x_wconf 66' lang='lat' dir='ltr'>mit,</span> <span class='ocrx_word' id='word_1_37' title='bbox 173 1815 306 1915; x_wconf 67' lang='lat' dir='ltr'>Quoties</span> <span class='ocrx_word' id='word_1_38' title='bbox 316 1835 370 1900; x_wconf 81' lang='lat' dir='ltr'>ego</span> <span class='ocrx_word' id='word_1_39' title='bbox 381 1811 439 1878; x_wconf 84' lang='lat' dir='ltr'>uidi</span> <span class='ocrx_word' id='word_1_40' title='bbox 446 1828 564 1900; x_wconf 83' lang='lat' dir='ltr'>putrem</span> <span class='ocrx_word' id='word_1_41' title='bbox 573 1823 653 1878; x_wconf 82' lang='lat' dir='ltr'>tuum</span> <span class='ocrx_word' id='word_1_42' title='bbox 663 1813 781 1880; x_wconf 75' lang='lat' dir='ltr'>bruelio</span> <span class='ocrx_word' id='word_1_43' title='bbox 790 1841 819 1880; x_wconf 84' lang='lat' dir='ltr'>se</span> <span class='ocrx_word' id='word_1_44' title='bbox 830 1823 1056 1908; x_wconf 74' lang='lat' dir='ltr'>emungentem?</span> <span class='ocrx_word' id='word_1_45' title='bbox 1082 1829 1167 1908; x_wconf 87' lang='lat' dir='ltr'>cujus</span> <span class='ocrx_word' id='word_1_46' title='bbox 1179 1829 1295 1896; x_wconf 87' lang='lat' dir='ltr'>dicterii</span> 
     </span>
     <span class='ocr_line' id='line_1_9' title="bbox 62 1895 1294 1990; baseline 0.019 -31"><span class='ocrx_word' id='word_1_47' title='bbox 62 1904 223 1968; x_wconf 78' lang='lat' dir='ltr'>meminit</span> <span class='ocrx_word' id='word_1_48' title='bbox 243 1895 362 1964; x_wconf 81' lang='lat' dir='ltr'>Tullius</span> <span class='ocrx_word' id='word_1_49' title='bbox 383 1907 412 1978; x_wconf 88' lang='lat'>4,</span> <span class='ocrx_word' id='word_1_50' title='bbox 437 1901 477 1962; x_wconf 87' lang='lat' dir='ltr'>ad</span> <span class='ocrx_word' id='word_1_51' title='bbox 499 1898 612 1964; x_wconf 83' lang='lat' dir='ltr'>Hercu.</span> <span class='ocrx_word' id='word_1_52' title='bbox 658 1901 823 1966; x_wconf 81' lang='lat' dir='ltr'>³Natalem</span> <span class='ocrx_word' id='word_1_53' title='bbox 846 1907 908 1986; x_wconf 84' lang='lat' dir='ltr'>ejus</span> <span class='ocrx_word' id='word_1_54' title='bbox 934 1923 1052 1990; x_wconf 87' lang='lat' dir='ltr'>ponunt</span> <span class='ocrx_word' id='word_1_55' title='bbox 1074 1911 1192 1978; x_wconf 89' lang='lat' dir='ltr'>duobus</span> <span class='ocrx_word' id='word_1_56' title='bbox 1209 1917 1294 1982; x_wconf 88' lang='lat' dir='ltr'>aunis</span> 
     </span>
     <span class='ocr_line' id='line_1_10' title="bbox 61 1981 1294 2082; baseline 0.015 -36"><span class='ocrx_word' id='word_1_57' title='bbox 61 2001 145 2052; x_wconf 68' lang='lat' dir='ltr'>astte</span> <span class='ocrx_word' id='word_1_58' title='bbox 162 2007 184 2048; x_wconf 94' lang='lat' dir='ltr'>c</span> <span class='ocrx_word' id='word_1_59' title='bbox 230 1985 399 2048; x_wconf 76' lang='lat' dir='ltr'>&#39;arationem</span> <span class='ocrx_word' id='word_1_60' title='bbox 414 1981 637 2062; x_wconf 88' lang='lat' dir='ltr'>Catilinariam,</span> <span class='ocrx_word' id='word_1_61' title='bbox 659 1983 698 2048; x_wconf 91' lang='lat' dir='ltr'>L.</span> <span class='ocrx_word' id='word_1_62' title='bbox 713 1987 840 2052; x_wconf 84' lang='lat' dir='ltr'>Aurelio</span> <span class='ocrx_word' id='word_1_63' title='bbox 855 1987 947 2054; x_wconf 88' lang='lat' dir='ltr'>Cotta</span> <span class='ocrx_word' id='word_1_64' title='bbox 960 2007 990 2054; x_wconf 88' lang='lat' dir='ltr'>et</span> <span class='ocrx_word' id='word_1_65' title='bbox 1002 1991 1120 2058; x_wconf 80' lang='lat' dir='ltr'>lilanlio</span> <span class='ocrx_word' id='word_1_66' title='bbox 1134 1995 1294 2082; x_wconf 77' lang='lat' dir='ltr'>Torquato</span> 
     </span>
     <span class='ocr_line' id='line_1_11' title="bbox 61 2067 1294 2162; baseline 0.013 -27"><span class='ocrx_word' id='word_1_67' title='bbox 61 2074 190 2136; x_wconf 81' lang='lat' dir='ltr'>iterium</span> <span class='ocrx_word' id='word_1_68' title='bbox 238 2069 401 2134; x_wconf 83' lang='lat' dir='ltr'>ousulibus.</span> <span class='ocrx_word' id='word_1_69' title='bbox 447 2069 604 2154; x_wconf 75' lang='lat' dir='ltr'>*Apane</span> <span class='ocrx_word' id='word_1_70' title='bbox 628 2067 761 2134; x_wconf 80' lang='lat' dir='ltr'><strong>Romam</strong></span> <span class='ocrx_word' id='word_1_71' title='bbox 780 2094 855 2156; x_wconf 91' lang='lat' dir='ltr'>puer</span> <span class='ocrx_word' id='word_1_72' title='bbox 880 2073 1034 2154; x_wconf 91' lang='lat' dir='ltr'>deductus,</span> <span class='ocrx_word' id='word_1_73' title='bbox 1054 2079 1156 2162; x_wconf 86' lang='lat' dir='ltr'>ibique</span> <span class='ocrx_word' id='word_1_74' title='bbox 1169 2084 1294 2150; x_wconf 73' lang='lat' dir='ltr'>honesti</span> 
     </span>
     <span class='ocr_line' id='line_1_12' title="bbox 1 2152 1294 2252; baseline 0.011 -32"><span class='ocrx_word' id='word_1_75' title='bbox 1 2188 2 2222; x_wconf 72' lang='lat' dir='ltr'>t</span> <span class='ocrx_word' id='word_1_76' title='bbox 63 2159 233 2232; x_wconf 80' lang='lat' dir='ltr'>educatus,</span> <span class='ocrx_word' id='word_1_77' title='bbox 251 2167 342 2236; x_wconf 84' lang='lat' dir='ltr'>atque</span> <span class='ocrx_word' id='word_1_78' title='bbox 361 2152 536 2216; x_wconf 65' lang='lat' dir='ltr'>liberalibus</span> <span class='ocrx_word' id='word_1_79' title='bbox 555 2155 722 2238; x_wconf 88' lang='lat' dir='ltr'>disciplinis</span> <span class='ocrx_word' id='word_1_80' title='bbox 734 2157 883 2220; x_wconf 90' lang='lat' dir='ltr'>institutus</span> <span class='ocrx_word' id='word_1_81' title='bbox 901 2173 954 2222; x_wconf 86' lang='lat' dir='ltr'>est.</span> <span class='ocrx_word' id='word_1_82' title='bbox 999 2173 1010 2206; x_wconf 80' lang='lat'>⁸</span> <span class='ocrx_word' id='word_1_83' title='bbox 1027 2162 1177 2230; x_wconf 89' lang='lat' dir='ltr'>Orbilium</span> <span class='ocrx_word' id='word_1_84' title='bbox 1192 2192 1294 2252; x_wconf 79' lang='lat' dir='ltr'>gram-</span> 
     </span>
     <span class='ocr_line' id='line_1_13' title="bbox 66 2235 1293 2332; baseline 0.012 -29"><span class='ocrx_word' id='word_1_85' title='bbox 66 2243 220 2306; x_wconf 82' lang='lat' dir='ltr'>maticum</span> <span class='ocrx_word' id='word_1_86' title='bbox 250 2239 374 2302; x_wconf 68' lang='lat' dir='ltr'>audivit.</span> <span class='ocrx_word' id='word_1_87' title='bbox 423 2235 548 2302; x_wconf 73' lang='lat' dir='ltr'>‘Romi</span> <span class='ocrx_word' id='word_1_88' title='bbox 569 2238 705 2302; x_wconf 83' lang='lat' dir='ltr'>Athenas</span> <span class='ocrx_word' id='word_1_89' title='bbox 730 2262 762 2304; x_wconf 89' lang='lat' dir='ltr'>se</span> <span class='ocrx_word' id='word_1_90' title='bbox 784 2242 920 2320; x_wconf 85' lang='lat' dir='ltr'>contulit,</span> <span class='ocrx_word' id='word_1_91' title='bbox 944 2243 1153 2332; x_wconf 85' lang='lat' dir='ltr'>Philosophioe</span> <span class='ocrx_word' id='word_1_92' title='bbox 1176 2253 1293 2318; x_wconf 88' lang='lat' dir='ltr'>discen-</span> 
     </span>
     <span class='ocr_line' id='line_1_14' title="bbox 66 2322 1294 2416; baseline 0.013 -28"><span class='ocrx_word' id='word_1_93' title='bbox 66 2329 120 2388; x_wconf 84' lang='lat' dir='ltr'>dae</span> <span class='ocrx_word' id='word_1_94' title='bbox 143 2323 249 2388; x_wconf 80' lang='lat' dir='ltr'>causti.</span> <span class='ocrx_word' id='word_1_95' title='bbox 296 2322 449 2384; x_wconf 71' lang='lat' dir='ltr'>&#39;Athenis</span> <span class='ocrx_word' id='word_1_96' title='bbox 467 2324 536 2384; x_wconf 85' lang='lat' dir='ltr'>etim</span> <span class='ocrx_word' id='word_1_97' title='bbox 555 2339 732 2401; x_wconf 87' lang='lat' dir='ltr'>versaretur,</span> <span class='ocrx_word' id='word_1_98' title='bbox 756 2346 867 2390; x_wconf 88' lang='lat' dir='ltr'>annum</span> <span class='ocrx_word' id='word_1_99' title='bbox 889 2331 986 2394; x_wconf 82' lang='lat' dir='ltr'>aetatis</span> <span class='ocrx_word' id='word_1_100' title='bbox 1005 2353 1098 2416; x_wconf 80' lang='lat' dir='ltr'>agens</span> <span class='ocrx_word' id='word_1_101' title='bbox 1120 2336 1294 2404; x_wconf 86' lang='lat' dir='ltr'>vicesimum</span> 
     </span>
     <span class='ocr_line' id='line_1_15' title="bbox 67 2405 1293 2500; baseline 0.011 -28"><span class='ocrx_word' id='word_1_102' title='bbox 67 2410 205 2486; x_wconf 86' lang='lat' dir='ltr'>tertium,</span> <span class='ocrx_word' id='word_1_103' title='bbox 220 2410 239 2470; x_wconf 72' lang='lat' dir='ltr'>a</span> <span class='ocrx_word' id='word_1_104' title='bbox 252 2405 352 2470; x_wconf 88' lang='lat' dir='ltr'>Bruto</span> <span class='ocrx_word' id='word_1_105' title='bbox 367 2410 532 2470; x_wconf 75' lang='lat' dir='ltr'>abatrmms</span> <span class='ocrx_word' id='word_1_106' title='bbox 547 2408 586 2470; x_wconf 85' lang='lat' dir='ltr'>ad</span> <span class='ocrx_word' id='word_1_107' title='bbox 595 2409 684 2471; x_wconf 88' lang='lat' dir='ltr'>civile</span> <span class='ocrx_word' id='word_1_108' title='bbox 694 2409 817 2488; x_wconf 86' lang='lat' dir='ltr'>bellum,</span> <span class='ocrx_word' id='word_1_109' title='bbox 832 2433 868 2474; x_wconf 85' lang='lat' dir='ltr'>ac</span> <span class='ocrx_word' id='word_1_110' title='bbox 877 2409 1032 2478; x_wconf 82' lang='lat' dir='ltr'>Tribunus</span> <span class='ocrx_word' id='word_1_111' title='bbox 1046 2417 1173 2482; x_wconf 89' lang='lat' dir='ltr'>militum</span> <span class='ocrx_word' id='word_1_112' title='bbox 1188 2419 1293 2500; x_wconf 81' lang='lat' dir='ltr'>sactus,</span> 
     </span>
     <span class='ocr_line' id='line_1_16' title="bbox 67 2489 1293 2584; baseline 0.011 -27"><span class='ocrx_word' id='word_1_113' title='bbox 67 2493 266 2578; x_wconf 78' lang='lat' dir='ltr'>Philippensi</span> <span class='ocrx_word' id='word_1_114' title='bbox 294 2491 376 2554; x_wconf 83' lang='lat' dir='ltr'>cladi</span> <span class='ocrx_word' id='word_1_115' title='bbox 401 2491 543 2554; x_wconf 82' lang='lat' dir='ltr'>interfuit.</span> <span class='ocrx_word' id='word_1_116' title='bbox 601 2489 707 2556; x_wconf 81' lang='lat' dir='ltr'>&#39;Turn</span> <span class='ocrx_word' id='word_1_117' title='bbox 725 2495 830 2573; x_wconf 73' lang='lat' dir='ltr'>victure,</span> <span class='ocrx_word' id='word_1_118' title='bbox 853 2509 883 2559; x_wconf 87' lang='lat' dir='ltr'>et</span> <span class='ocrx_word' id='word_1_119' title='bbox 904 2497 992 2560; x_wconf 88' lang='lat' dir='ltr'>bouis</span> <span class='ocrx_word' id='word_1_120' title='bbox 1014 2515 1123 2564; x_wconf 78' lang='lat' dir='ltr'>exutus</span> <span class='ocrx_word' id='word_1_121' title='bbox 1174 2509 1293 2584; x_wconf 84' lang='lat' dir='ltr'>uternis,</span> 
     </span>
     <span class='ocr_line' id='line_1_17' title="bbox 68 2576 1295 2666; baseline 0.012 -26"><span class='ocrx_word' id='word_1_122' title='bbox 68 2591 252 2664; x_wconf 83' lang='lat' dir='ltr'>paupertate</span> <span class='ocrx_word' id='word_1_123' title='bbox 265 2577 455 2640; x_wconf 86' lang='lat' dir='ltr'>condictatus</span> <span class='ocrx_word' id='word_1_124' title='bbox 476 2576 515 2638; x_wconf 83' lang='lat' dir='ltr'>ad</span> <span class='ocrx_word' id='word_1_125' title='bbox 536 2577 653 2660; x_wconf 66' lang='lat' dir='ltr'>poesim</span> <span class='ocrx_word' id='word_1_126' title='bbox 670 2581 803 2642; x_wconf 84' lang='lat' dir='ltr'>animum</span> <span class='ocrx_word' id='word_1_127' title='bbox 819 2581 944 2666; x_wconf 83' lang='lat' dir='ltr'>appulit.</span> <span class='ocrx_word' id='word_1_128' title='bbox 990 2583 1101 2650; x_wconf 73' lang='lat' dir='ltr'>‘Hinc</span> <span class='ocrx_word' id='word_1_129' title='bbox 1153 2591 1295 2654; x_wconf 81' lang='lat' dir='ltr'>acenatis</span> 
     </span>
     <span class='ocr_line' id='line_1_18' title="bbox 67 2661 1295 2753; baseline 0.01 -27"><span class='ocrx_word' id='word_1_130' title='bbox 67 2663 241 2729; x_wconf 76' lang='lat' dir='ltr'>amicitiam</span> <span class='ocrx_word' id='word_1_131' title='bbox 255 2661 422 2724; x_wconf 79' lang='lat' dir='ltr'>demeruit:</span> <span class='ocrx_word' id='word_1_132' title='bbox 443 2681 479 2723; x_wconf 85' lang='lat' dir='ltr'>ac</span> <span class='ocrx_word' id='word_1_133' title='bbox 491 2681 546 2744; x_wconf 87' lang='lat' dir='ltr'>per</span> <span class='ocrx_word' id='word_1_134' title='bbox 556 2683 625 2724; x_wconf 90' lang='lat' dir='ltr'>eum</span> <span class='ocrx_word' id='word_1_135' title='bbox 634 2663 767 2726; x_wconf 85' lang='lat' dir='ltr'>subinde</span> <span class='ocrx_word' id='word_1_136' title='bbox 777 2687 846 2728; x_wconf 87' lang='lat' dir='ltr'>cum</span> <span class='ocrx_word' id='word_1_137' title='bbox 860 2667 1001 2751; x_wconf 79' lang='lat' dir='ltr'>Augusto</span> <span class='ocrx_word' id='word_1_138' title='bbox 1014 2673 1235 2753; x_wconf 87' lang='lat' dir='ltr'>reconciliatus,</span> <span class='ocrx_word' id='word_1_139' title='bbox 1246 2689 1295 2738; x_wconf 88' lang='lat' dir='ltr'>ut-</span> 
     </span>
     <span class='ocr_line' id='line_1_19' title="bbox 70 2745 1294 2836; baseline 0.011 -26"><span class='ocrx_word' id='word_1_140' title='bbox 70 2745 263 2832; x_wconf 72' lang='lat' dir='ltr'>riquetaldb</span> <span class='ocrx_word' id='word_1_141' title='bbox 283 2747 393 2808; x_wconf 84' lang='lat' dir='ltr'>charus</span> <span class='ocrx_word' id='word_1_142' title='bbox 404 2745 511 2822; x_wconf 83' lang='lat' dir='ltr'>extitit,</span> <span class='ocrx_word' id='word_1_143' title='bbox 531 2759 562 2812; x_wconf 86' lang='lat' dir='ltr'>et</span> <span class='ocrx_word' id='word_1_144' title='bbox 573 2747 735 2812; x_wconf 83' lang='lat' dir='ltr'>liberaliter</span> <span class='ocrx_word' id='word_1_145' title='bbox 746 2750 867 2814; x_wconf 88' lang='lat' dir='ltr'>ditatus.</span> <span class='ocrx_word' id='word_1_146' title='bbox 908 2761 936 2794; x_wconf 84' lang='lat'>¹⁰</span> <span class='ocrx_word' id='word_1_147' title='bbox 953 2753 1099 2820; x_wconf 87' lang='lat' dir='ltr'>Suetonio</span> <span class='ocrx_word' id='word_1_148' title='bbox 1109 2757 1198 2823; x_wconf 87' lang='lat' dir='ltr'>etiam</span> <span class='ocrx_word' id='word_1_149' title='bbox 1210 2771 1294 2836; x_wconf 82' lang='lat' dir='ltr'>teste,</span> 
     </span>
     <span class='ocr_line' id='line_1_20' title="bbox 71 2829 1295 2921; baseline 0.009 -28"><span class='ocrx_word' id='word_1_150' title='bbox 71 2833 209 2917; x_wconf 86' lang='lat' dir='ltr'>primiun</span> <span class='ocrx_word' id='word_1_151' title='bbox 230 2831 331 2894; x_wconf 74' lang='lat' dir='ltr'>scriba</span> <span class='ocrx_word' id='word_1_152' title='bbox 353 2829 544 2912; x_wconf 74' lang='lat' dir='ltr'>Quaestorius</span> <span class='ocrx_word' id='word_1_153' title='bbox 566 2831 622 2895; x_wconf 79' lang='lat' dir='ltr'>luit</span> <span class='ocrx_word' id='word_1_154' title='bbox 640 2847 710 2916; x_wconf 89' lang='lat' dir='ltr'>post</span> <span class='ocrx_word' id='word_1_155' title='bbox 728 2835 850 2898; x_wconf 87' lang='lat' dir='ltr'>veniam</span> <span class='ocrx_word' id='word_1_156' title='bbox 870 2837 910 2900; x_wconf 85' lang='lat' dir='ltr'>ab</span> <span class='ocrx_word' id='word_1_157' title='bbox 932 2837 1072 2918; x_wconf 80' lang='lat' dir='ltr'>Augusto</span> <span class='ocrx_word' id='word_1_158' title='bbox 1095 2838 1295 2921; x_wconf 86' lang='lat' dir='ltr'>impetratam.</span> 
     </span>
     <span class='ocr_line' id='line_1_21' title="bbox 75 2913 1295 3000; baseline 0.007 -22"><span class='ocrx_word' id='word_1_159' title='bbox 75 2930 100 2959; x_wconf 84' lang='lat'>¹¹</span> <span class='ocrx_word' id='word_1_160' title='bbox 120 2915 241 2978; x_wconf 79' lang='lat' dir='ltr'>Animo</span> <span class='ocrx_word' id='word_1_161' title='bbox 256 2929 318 2978; x_wconf 84' lang='lat' dir='ltr'>erat</span> <span class='ocrx_word' id='word_1_162' title='bbox 333 2913 351 2976; x_wconf 79' lang='lat' dir='ltr'>&#39;a</span> <span class='ocrx_word' id='word_1_163' title='bbox 366 2913 543 2980; x_wconf 70' lang='lat' dir='ltr'>tumultibus</span> <span class='ocrx_word' id='word_1_164' title='bbox 557 2917 681 2980; x_wconf 90' lang='lat' dir='ltr'>urbanis</span> <span class='ocrx_word' id='word_1_165' title='bbox 693 2917 803 2992; x_wconf 88' lang='lat' dir='ltr'>alieno,</span> <span class='ocrx_word' id='word_1_166' title='bbox 816 2939 1023 3000; x_wconf 88' lang='lat' dir='ltr'>secessumque</span> <span class='ocrx_word' id='word_1_167' title='bbox 1036 2921 1166 2984; x_wconf 88' lang='lat' dir='ltr'>amabat.</span> <span class='ocrx_word' id='word_1_168' title='bbox 1202 2923 1231 2984; x_wconf 77' lang='lat' dir='ltr'>A</span> <span class='ocrx_word' id='word_1_169' title='bbox 1253 2925 1295 2990; x_wconf 93' lang='lat' dir='ltr'>ud</span> 
     </span>
     <span class='ocr_line' id='line_1_22' title="bbox 70 2945 1295 3084; baseline 0.01 -22"><span class='ocrx_word' id='word_1_170' title='bbox 70 3001 210 3063; x_wconf 84' lang='lat' dir='ltr'>Sabinos</span> <span class='ocrx_word' id='word_1_171' title='bbox 228 3012 329 3062; x_wconf 85' lang='lat' dir='ltr'>autern</span> <span class='ocrx_word' id='word_1_172' title='bbox 340 2997 470 3064; x_wconf 85' lang='lat' dir='ltr'>libenter</span> <span class='ocrx_word' id='word_1_173' title='bbox 481 3001 656 3063; x_wconf 81' lang='lat' dir='ltr'>morabatur</span> <span class='ocrx_word' id='word_1_174' title='bbox 670 3003 702 3062; x_wconf 90' lang='lat' dir='ltr'>in</span> <span class='ocrx_word' id='word_1_175' title='bbox 717 3001 845 3064; x_wconf 80' lang='lat' dir='ltr'>fundulo</span> <span class='ocrx_word' id='word_1_176' title='bbox 860 3023 924 3078; x_wconf 89' lang='lat' dir='ltr'>suo,</span> <span class='ocrx_word' id='word_1_177' title='bbox 940 3023 1028 3084; x_wconf 90' lang='lat' dir='ltr'>quern</span> <span class='ocrx_word' id='word_1_178' title='bbox 1041 3003 1182 3070; x_wconf 89' lang='lat' dir='ltr'>describit</span> <span class='ocrx_word' id='word_1_179' title='bbox 1192 2945 1263 3072; x_wconf 75' lang='lat' dir='ltr'>Lib.</span> <span class='ocrx_word' id='word_1_180' title='bbox 1274 3009 1295 3074; x_wconf 93' lang='lat' dir='ltr'>i.</span> 
     </span>
     <span class='ocr_line' id='line_1_23' title="bbox 68 3081 1296 3172; baseline 0.009 -26"><span class='ocrx_word' id='word_1_181' title='bbox 68 3085 171 3170; x_wconf 81' lang='lat' dir='ltr'>Epist.</span> <span class='ocrx_word' id='word_1_182' title='bbox 190 3087 240 3146; x_wconf 86' lang='grc'>16.</span> <span class='ocrx_word' id='word_1_183' title='bbox 288 3094 315 3126; x_wconf 84' lang='lat'>¹¹</span> <span class='ocrx_word' id='word_1_184' title='bbox 330 3081 414 3146; x_wconf 89' lang='lat' dir='ltr'>Hinc</span> <span class='ocrx_word' id='word_1_185' title='bbox 429 3083 654 3148; x_wconf 86' lang='lat' dir='ltr'>scribendarum</span> <span class='ocrx_word' id='word_1_186' title='bbox 674 3083 869 3168; x_wconf 84' lang='lat' dir='ltr'>epistolarum</span> <span class='ocrx_word' id='word_1_187' title='bbox 882 3107 990 3151; x_wconf 89' lang='lat' dir='ltr'>munus</span> <span class='ocrx_word' id='word_1_188' title='bbox 1003 3089 1041 3152; x_wconf 92' lang='lat' dir='ltr'>ab</span> <span class='ocrx_word' id='word_1_189' title='bbox 1055 3089 1196 3172; x_wconf 79' lang='lat' dir='ltr'>Augusto</span> <span class='ocrx_word' id='word_1_190' title='bbox 1210 3093 1296 3158; x_wconf 90' lang='lat' dir='ltr'>obla-</span> 
     </span>
     <span class='ocr_line' id='line_1_24' title="bbox 68 3163 1297 3252; baseline 0.009 -20"><span class='ocrx_word' id='word_1_191' title='bbox 68 3187 131 3232; x_wconf 89' lang='lat' dir='ltr'>tum</span> <span class='ocrx_word' id='word_1_192' title='bbox 146 3167 340 3232; x_wconf 84' lang='lat' dir='ltr'>detrectavit.</span> <span class='ocrx_word' id='word_1_193' title='bbox 379 3163 527 3230; x_wconf 76' lang='lat' dir='ltr'>¹³llictirs</span> <span class='ocrx_word' id='word_1_194' title='bbox 546 3167 752 3252; x_wconf 71' lang='lat' dir='ltr'>bugalitatem</span> <span class='ocrx_word' id='word_1_195' title='bbox 775 3191 844 3230; x_wconf 89' lang='lat' dir='ltr'>curu</span> <span class='ocrx_word' id='word_1_196' title='bbox 865 3170 1011 3234; x_wconf 77' lang='lat' dir='ltr'>munditii</span> <span class='ocrx_word' id='word_1_197' title='bbox 1023 3172 1137 3238; x_wconf 77' lang='lat' dir='ltr'>dilexit.</span> <span class='ocrx_word' id='word_1_198' title='bbox 1177 3175 1297 3242; x_wconf 67' lang='lat' dir='ltr'>¹⁶Fuit</span> 
     </span>
     <span class='ocr_line' id='line_1_25' title="bbox 68 3249 1296 3342; baseline 0.007 -26"><span class='ocrx_word' id='word_1_199' title='bbox 68 3253 209 3338; x_wconf 87' lang='lat' dir='ltr'>corporis</span> <span class='ocrx_word' id='word_1_200' title='bbox 224 3253 332 3315; x_wconf 87' lang='lat' dir='ltr'>babitu</span> <span class='ocrx_word' id='word_1_201' title='bbox 345 3251 472 3316; x_wconf 80' lang='lat' dir='ltr'>breviat</span> <span class='ocrx_word' id='word_1_202' title='bbox 486 3253 601 3316; x_wconf 90' lang='lat' dir='ltr'>obesus.</span> <span class='ocrx_word' id='word_1_203' title='bbox 645 3249 695 3314; x_wconf 90' lang='lat' dir='ltr'>De</span> <span class='ocrx_word' id='word_1_204' title='bbox 706 3251 821 3334; x_wconf 86' lang='lat' dir='ltr'>ingenii</span> <span class='ocrx_word' id='word_1_205' title='bbox 833 3254 1072 3338; x_wconf 85' lang='lat' dir='ltr'>scriptorumque</span> <span class='ocrx_word' id='word_1_206' title='bbox 1087 3257 1238 3342; x_wconf 77' lang='lat' dir='ltr'>elegantis</span> <span class='ocrx_word' id='word_1_207' title='bbox 1248 3264 1296 3330; x_wconf 87' lang='lat' dir='ltr'>ni-</span> 
     </span>
     <span class='ocr_line' id='line_1_26' title="bbox 69 3335 1297 3421; baseline 0.007 -21"><span class='ocrx_word' id='word_1_208' title='bbox 69 3339 109 3400; x_wconf 83' lang='lat' dir='ltr'>hil</span> <span class='ocrx_word' id='word_1_209' title='bbox 124 3353 173 3402; x_wconf 83' lang='lat' dir='ltr'>est</span> <span class='ocrx_word' id='word_1_210' title='bbox 188 3337 275 3421; x_wconf 88' lang='lat' dir='ltr'>quod</span> <span class='ocrx_word' id='word_1_211' title='bbox 288 3337 398 3414; x_wconf 87' lang='lat' dir='ltr'>dicam,</span> <span class='ocrx_word' id='word_1_212' title='bbox 422 3337 490 3399; x_wconf 78' lang='lat' dir='ltr'>cium</span> <span class='ocrx_word' id='word_1_213' title='bbox 506 3349 552 3398; x_wconf 90' lang='lat' dir='ltr'>tot</span> <span class='ocrx_word' id='word_1_214' title='bbox 565 3337 678 3400; x_wconf 74' lang='lat' dir='ltr'>saccula</span> <span class='ocrx_word' id='word_1_215' title='bbox 692 3357 754 3400; x_wconf 89' lang='lat' dir='ltr'>uon</span> <span class='ocrx_word' id='word_1_216' title='bbox 768 3335 830 3400; x_wconf 87' lang='lat' dir='ltr'>sine</span> <span class='ocrx_word' id='word_1_217' title='bbox 851 3337 1050 3405; x_wconf 74' lang='lat' dir='ltr'>admiratione</span> <span class='ocrx_word' id='word_1_218' title='bbox 1086 3343 1297 3411; x_wconf 84' lang='lat' dir='ltr'>raedicaverint</span> 
     </span>
     <span class='ocr_line' id='line_1_27' title="bbox 62 3361 1296 3504; baseline 0.004 -16"><span class='ocrx_word' id='word_1_219' title='bbox 62 3427 205 3504; x_wconf 81' lang='lat' dir='ltr'>jtmctam</span> <span class='ocrx_word' id='word_1_220' title='bbox 215 3423 261 3484; x_wconf 88' lang='lat' dir='ltr'>ab</span> <span class='ocrx_word' id='word_1_221' title='bbox 275 3443 312 3484; x_wconf 89' lang='lat' dir='ltr'>eo</span> <span class='ocrx_word' id='word_1_222' title='bbox 325 3421 361 3487; x_wconf 89' lang='lat' dir='ltr'>in</span> <span class='ocrx_word' id='word_1_223' title='bbox 367 3422 552 3486; x_wconf 88' lang='lat' dir='ltr'>carminibus</span> <span class='ocrx_word' id='word_1_224' title='bbox 563 3421 764 3484; x_wconf 85' lang='lat' dir='ltr'>Anacreontis</span> <span class='ocrx_word' id='word_1_225' title='bbox 776 3421 954 3488; x_wconf 88' lang='lat' dir='ltr'>suavitatem</span> <span class='ocrx_word' id='word_1_226' title='bbox 966 3443 1034 3486; x_wconf 88' lang='lat' dir='ltr'>cum</span> <span class='ocrx_word' id='word_1_227' title='bbox 1046 3361 1173 3490; x_wconf 64' lang='lat' dir='ltr'>llindari</span> <span class='ocrx_word' id='word_1_228' title='bbox 1186 3429 1296 3494; x_wconf 90' lang='lat' dir='ltr'>virtute</span> 
     </span>
     <span class='ocr_line' id='line_1_28' title="bbox 68 3503 1297 3594; baseline 0.005 -24"><span class='ocrx_word' id='word_1_229' title='bbox 68 3523 97 3570; x_wconf 83' lang='lat' dir='ltr'>et</span> <span class='ocrx_word' id='word_1_230' title='bbox 109 3509 321 3570; x_wconf 81' lang='lat' dir='ltr'>sublimitate:</span> <span class='ocrx_word' id='word_1_231' title='bbox 342 3505 375 3570; x_wconf 90' lang='lat' dir='ltr'>in</span> <span class='ocrx_word' id='word_1_232' title='bbox 389 3505 577 3570; x_wconf 84' lang='lat' dir='ltr'>sermonibus</span> <span class='ocrx_word' id='word_1_233' title='bbox 591 3503 663 3568; x_wconf 77' lang='lat' dir='ltr'>veri)</span> <span class='ocrx_word' id='word_1_234' title='bbox 677 3527 744 3568; x_wconf 86' lang='lat' dir='ltr'>eam</span> <span class='ocrx_word' id='word_1_235' title='bbox 760 3505 951 3572; x_wconf 84' lang='lat' dir='ltr'>dicacitatem</span> <span class='ocrx_word' id='word_1_236' title='bbox 966 3509 1124 3588; x_wconf 90' lang='lat' dir='ltr'>urbanam,</span> <span class='ocrx_word' id='word_1_237' title='bbox 1147 3511 1207 3594; x_wconf 79' lang='lat' dir='ltr'>qui</span> <span class='ocrx_word' id='word_1_238' title='bbox 1220 3513 1297 3578; x_wconf 87' lang='lat' dir='ltr'>nihil</span> 
     </span>
     <span class='ocr_line' id='line_1_29' title="bbox 68 3586 1296 3677; baseline 0.004 -22"><span class='ocrx_word' id='word_1_239' title='bbox 68 3593 210 3656; x_wconf 81' lang='lat' dir='ltr'>solertius</span> <span class='ocrx_word' id='word_1_240' title='bbox 222 3605 254 3654; x_wconf 89' lang='lat' dir='ltr'>et</span> <span class='ocrx_word' id='word_1_241' title='bbox 268 3591 416 3672; x_wconf 79' lang='lat' dir='ltr'>sagacius.</span> <span class='ocrx_word' id='word_1_242' title='bbox 458 3586 601 3654; x_wconf 86' lang='lat' dir='ltr'>Mortuus</span> <span class='ocrx_word' id='word_1_243' title='bbox 615 3603 659 3654; x_wconf 90' lang='lat' dir='ltr'>est</span> <span class='ocrx_word' id='word_1_244' title='bbox 673 3611 754 3656; x_wconf 88' lang='lat' dir='ltr'>anuo</span> <span class='ocrx_word' id='word_1_245' title='bbox 769 3591 866 3654; x_wconf 82' lang='lat' dir='ltr'>aetatis</span> <span class='ocrx_word' id='word_1_246' title='bbox 884 3595 935 3656; x_wconf 75' lang='lat'>5⁷.</span> <span class='ocrx_word' id='word_1_247' title='bbox 977 3589 1161 3677; x_wconf 88' lang='lat' dir='ltr'>Erravitque</span> <span class='ocrx_word' id='word_1_248' title='bbox 1177 3595 1296 3662; x_wconf 88' lang='lat' dir='ltr'>librarii</span> 
     </span>
     <span class='ocr_line' id='line_1_30' title="bbox 71 3673 1297 3763; baseline 0.006 -24"><span class='ocrx_word' id='word_1_249' title='bbox 71 3699 179 3740; x_wconf 82' lang='lat' dir='ltr'>nanus</span> <span class='ocrx_word' id='word_1_250' title='bbox 197 3697 239 3739; x_wconf 85' lang='lat' dir='ltr'>ex</span> <span class='ocrx_word' id='word_1_251' title='bbox 264 3675 412 3757; x_wconf 85' lang='lat' dir='ltr'>Suetonio</span> <span class='ocrx_word' id='word_1_252' title='bbox 434 3675 591 3740; x_wconf 88' lang='lat' dir='ltr'>scribentis</span> <span class='ocrx_word' id='word_1_253' title='bbox 607 3679 657 3738; x_wconf 80' lang='lat'>59.</span> <span class='ocrx_word' id='word_1_254' title='bbox 705 3685 732 3720; x_wconf 80' lang='lat'>¹⁸</span> <span class='ocrx_word' id='word_1_255' title='bbox 749 3673 921 3757; x_wconf 81' lang='lat' dir='ltr'>Augustum</span> <span class='ocrx_word' id='word_1_256' title='bbox 935 3676 1089 3742; x_wconf 79' lang='lat' dir='ltr'>haeredem</span> <span class='ocrx_word' id='word_1_257' title='bbox 1102 3679 1205 3763; x_wconf 88' lang='lat' dir='ltr'>palam</span> <span class='ocrx_word' id='word_1_258' title='bbox 1220 3702 1297 3746; x_wconf 88' lang='lat' dir='ltr'>uun·</span> 
     </span>
     <span class='ocr_line' id='line_1_31' title="bbox 68 3757 1298 3910; baseline 0.007 -87"><span class='ocrx_word' id='word_1_259' title='bbox 68 3762 205 3910; x_wconf 59' lang='lat' dir='ltr'>ffit.</span> <span class='ocrx_word' id='word_1_260' title='bbox 246 3757 358 3856; x_wconf 31' lang='lat' dir='ltr'>‚Humo</span> <span class='ocrx_word' id='word_1_261' title='bbox 380 3759 521 3824; x_wconf 86' lang='lat' dir='ltr'>conditus</span> <span class='ocrx_word' id='word_1_262' title='bbox 540 3773 585 3824; x_wconf 85' lang='lat' dir='ltr'>est</span> <span class='ocrx_word' id='word_1_263' title='bbox 603 3759 746 3826; x_wconf 84' lang='lat' dir='ltr'>extremis</span> <span class='ocrx_word' id='word_1_264' title='bbox 764 3759 923 3843; x_wconf 82' lang='lat' dir='ltr'>Esquiliis,</span> <span class='ocrx_word' id='word_1_265' title='bbox 938 3761 1032 3844; x_wconf 84' lang='lat' dir='ltr'>juxta</span> <span class='ocrx_word' id='word_1_266' title='bbox 1048 3757 1227 3832; x_wconf 71' lang='lat' dir='ltr'>Maecenatis</span> <span class='ocrx_word' id='word_1_267' title='bbox 1249 3779 1298 3832; x_wconf 90' lang='lat' dir='ltr'>tu·</span> 
     </span>
    </p>
   </div>
   <div class='ocr_carea' id='block_1_5' title="bbox 94 4008 1361 4570">
    <p class='ocr_par' dir='ltr' id='par_1_5' title="bbox 95 4008 1361 4198">
     <span class='ocr_line' id='line_1_32' title="bbox 101 4008 1287 4077; baseline 0.008 -19"><span class='ocrx_word' id='word_1_268' title='bbox 101 4015 111 4058; x_wconf 86' lang='lat'>1</span> <span class='ocrx_word' id='word_1_269' title='bbox 130 4013 185 4058; x_wconf 82' lang='lat' dir='ltr'>Lib.</span> <span class='ocrx_word' id='word_1_270' title='bbox 194 4013 217 4058; x_wconf 68' lang='lat'><em>2</em></span> <span class='ocrx_word' id='word_1_271' title='bbox 230 4008 312 4058; x_wconf 75' lang='lat' dir='ltr'>Satira</span> <span class='ocrx_word' id='word_1_272' title='bbox 324 4011 345 4058; x_wconf 94' lang='grc'>1.</span> <span class='ocrx_word' id='word_1_273' title='bbox 356 4025 425 4060; x_wconf 80' lang='lat' dir='ltr'>versu</span> <span class='ocrx_word' id='word_1_274' title='bbox 435 4011 475 4060; x_wconf 79' lang='lat'>³6.</span> <span class='ocrx_word' id='word_1_275' title='bbox 750 4013 766 4058; x_wconf 81' lang='lat'>9</span> <span class='ocrx_word' id='word_1_276' title='bbox 782 4011 834 4059; x_wconf 84' lang='lat' dir='ltr'>Lib.</span> <span class='ocrx_word' id='word_1_277' title='bbox 845 4011 866 4058; x_wconf 92' lang='grc'>1.</span> <span class='ocrx_word' id='word_1_278' title='bbox 878 4011 922 4058; x_wconf 85' lang='lat' dir='ltr'>Od.</span> <span class='ocrx_word' id='word_1_279' title='bbox 932 4011 968 4062; x_wconf 84' lang='grc'>18.</span> <span class='ocrx_word' id='word_1_280' title='bbox 979 4011 1031 4059; x_wconf 89' lang='lat' dir='ltr'>Lib.</span> <span class='ocrx_word' id='word_1_281' title='bbox 1042 4011 1065 4060; x_wconf 76' lang='lat'>8.</span> <span class='ocrx_word' id='word_1_282' title='bbox 1077 4011 1121 4062; x_wconf 85' lang='lat' dir='ltr'>Od.</span> <span class='ocrx_word' id='word_1_283' title='bbox 1131 4013 1166 4061; x_wconf 93' lang='grc'>16.</span> <span class='ocrx_word' id='word_1_284' title='bbox 1177 4011 1255 4077; x_wconf 66' lang='lat' dir='ltr'>epod</span> <span class='ocrx_word' id='word_1_285' title='bbox 1266 4015 1287 4067; x_wconf 77' lang='grc'>1.</span> 
     </span>
     <span class='ocr_line' id='line_1_33' title="bbox 95 4073 1361 4122; baseline 0.002 -2"><span class='ocrx_word' id='word_1_286' title='bbox 95 4073 376 4121; x_wconf 60' lang='lat' dir='ltr'>fimbssatdetd.</span> <span class='ocrx_word' id='word_1_287' title='bbox 733 4073 1040 4122; x_wconf 53' lang='lat' dir='ltr'>subinnuitiones</span> <span class='ocrx_word' id='word_1_288' title='bbox 1357 4081 1361 4088; x_wconf 89' lang='lat'>&#39;</span> 
     </span>
     <span class='ocr_line' id='line_1_34' title="bbox 95 4135 1195 4198; baseline 0.002 -14"><span class='ocrx_word' id='word_1_289' title='bbox 95 4138 112 4184; x_wconf 75' lang='grc'><strong>3</strong></span> <span class='ocrx_word' id='word_1_290' title='bbox 125 4135 186 4184; x_wconf 68' lang='lat' dir='ltr'>lan.</span> <span class='ocrx_word' id='word_1_291' title='bbox 196 4136 243 4184; x_wconf 75' lang='grc'>011</span> <span class='ocrx_word' id='word_1_292' title='bbox 253 4136 292 4182; x_wconf 71' lang='grc'>11.</span> <span class='ocrx_word' id='word_1_293' title='bbox 375 4168 381 4181; x_wconf 93' lang='grc'><strong>.</strong></span> <span class='ocrx_word' id='word_1_294' title='bbox 395 4135 432 4182; x_wconf 81' lang='lat' dir='ltr'>ta.</span> <span class='ocrx_word' id='word_1_295' title='bbox 734 4137 761 4184; x_wconf 93' lang='grc'>11</span> <span class='ocrx_word' id='word_1_296' title='bbox 778 4135 831 4184; x_wconf 76' lang='lat' dir='ltr'>Lib.</span> <span class='ocrx_word' id='word_1_297' title='bbox 843 4136 864 4183; x_wconf 93' lang='grc'>1.</span> <span class='ocrx_word' id='word_1_298' title='bbox 876 4135 928 4186; x_wconf 75' lang='lat' dir='ltr'>Sat.</span> <span class='ocrx_word' id='word_1_299' title='bbox 938 4137 960 4182; x_wconf 84' lang='grc'>6.</span> <span class='ocrx_word' id='word_1_300' title='bbox 971 4135 1023 4182; x_wconf 75' lang='lat' dir='ltr'>nis.</span> <span class='ocrx_word' id='word_1_301' title='bbox 1035 4137 1056 4184; x_wconf 92' lang='grc'>1.</span> <span class='ocrx_word' id='word_1_302' title='bbox 1071 4135 1147 4198; x_wconf 74' lang='lat' dir='ltr'>Epist.</span> <span class='ocrx_word' id='word_1_303' title='bbox 1159 4137 1195 4186; x_wconf 85' lang='grc'>10.</span> 
     </span>
    </p>

    <p class='ocr_par' dir='ltr' id='par_1_6' title="bbox 96 4193 1085 4257">
     <span class='ocr_line' id='line_1_35' title="bbox 96 4193 1085 4257; baseline 0 -13"><span class='ocrx_word' id='word_1_304' title='bbox 96 4199 111 4244; x_wconf 75' lang='grc'><strong>1</strong></span> <span class='ocrx_word' id='word_1_305' title='bbox 125 4198 184 4246; x_wconf 80' lang='lat' dir='ltr'>Lib.</span> <span class='ocrx_word' id='word_1_306' title='bbox 196 4199 218 4257; x_wconf 67' lang='lat' dir='ltr'>l.</span> <span class='ocrx_word' id='word_1_307' title='bbox 229 4197 283 4246; x_wconf 71' lang='lat' dir='ltr'>snt</span> <span class='ocrx_word' id='word_1_308' title='bbox 292 4197 315 4244; x_wconf 89' lang='grc'>6.</span> <span class='ocrx_word' id='word_1_309' title='bbox 348 4197 353 4210; x_wconf 80' lang='grc'><em>“</em></span> <span class='ocrx_word' id='word_1_310' title='bbox 372 4198 413 4245; x_wconf 73' lang='lat'>.2.</span> <span class='ocrx_word' id='word_1_311' title='bbox 423 4193 499 4256; x_wconf 73' lang='lat' dir='ltr'>Epist</span> <span class='ocrx_word' id='word_1_312' title='bbox 510 4211 533 4245; x_wconf 77' lang='lat' dir='ltr'>v.</span> <span class='ocrx_word' id='word_1_313' title='bbox 542 4195 581 4244; x_wconf 72' lang='lat'>41,</span> <span class='ocrx_word' id='word_1_314' title='bbox 736 4197 766 4246; x_wconf 69' lang='lat' dir='ltr'>1ss</span> <span class='ocrx_word' id='word_1_315' title='bbox 783 4197 879 4246; x_wconf 68' lang='lat' dir='ltr'>Sueten.</span> <span class='ocrx_word' id='word_1_316' title='bbox 890 4197 915 4246; x_wconf 84' lang='lat' dir='ltr'>in</span> <span class='ocrx_word' id='word_1_317' title='bbox 927 4195 974 4249; x_wconf 76' lang='lat' dir='ltr'>viti</span> <span class='ocrx_word' id='word_1_318' title='bbox 985 4197 1085 4246; x_wconf 85' lang='lat' dir='ltr'>Horatii.</span> 
     </span>
    </p>

    <p class='ocr_par' dir='ltr' id='par_1_7' title="bbox 96 4257 1296 4317">
     <span class='ocr_line' id='line_1_36' title="bbox 96 4257 1296 4317; baseline 0.003 -11"><span class='ocrx_word' id='word_1_319' title='bbox 96 4261 112 4305; x_wconf 76' lang='grc'><strong>6</strong></span> <span class='ocrx_word' id='word_1_320' title='bbox 126 4259 183 4307; x_wconf 72' lang='lat' dir='ltr'>Hb.</span> <span class='ocrx_word' id='word_1_321' title='bbox 193 4261 217 4306; x_wconf 74' lang='lat'>2.</span> <span class='ocrx_word' id='word_1_322' title='bbox 227 4257 308 4317; x_wconf 72' lang='lat' dir='ltr'>Epist.</span> <span class='ocrx_word' id='word_1_323' title='bbox 320 4259 341 4306; x_wconf 95' lang='grc'>1.</span> <span class='ocrx_word' id='word_1_324' title='bbox 736 4259 766 4308; x_wconf 81' lang='lat'>18</span> <span class='ocrx_word' id='word_1_325' title='bbox 782 4259 834 4306; x_wconf 87' lang='lat' dir='ltr'>Lib.</span> <span class='ocrx_word' id='word_1_326' title='bbox 853 4260 874 4307; x_wconf 94' lang='grc'>1.</span> <span class='ocrx_word' id='word_1_327' title='bbox 891 4259 929 4306; x_wconf 91' lang='lat' dir='ltr'>Od</span> <span class='ocrx_word' id='word_1_328' title='bbox 952 4259 990 4306; x_wconf 80' lang='lat' dir='ltr'>al.</span> <span class='ocrx_word' id='word_1_329' title='bbox 1007 4259 1059 4306; x_wconf 88' lang='lat' dir='ltr'>Lib.</span> <span class='ocrx_word' id='word_1_330' title='bbox 1072 4261 1095 4308; x_wconf 74' lang='lat'>2.</span> <span class='ocrx_word' id='word_1_331' title='bbox 1109 4257 1159 4308; x_wconf 75' lang='lat' dir='ltr'>sat</span> <span class='ocrx_word' id='word_1_332' title='bbox 1172 4261 1196 4310; x_wconf 90' lang='grc'>6.</span> <span class='ocrx_word' id='word_1_333' title='bbox 1210 4259 1296 4310; x_wconf 79' lang='lat' dir='ltr'>Lib-l·</span> 
     </span>
    </p>

    <p class='ocr_par' dir='ltr' id='par_1_8' title="bbox 94 4319 1257 4444">
     <span class='ocr_line' id='line_1_37' title="bbox 94 4319 938 4380; baseline -0.001 -13"><span class='ocrx_word' id='word_1_334' title='bbox 94 4321 110 4366; x_wconf 82' lang='grc'><strong>6</strong></span> <span class='ocrx_word' id='word_1_335' title='bbox 124 4321 181 4368; x_wconf 57' lang='lat' dir='ltr'>[a</span> <span class='ocrx_word' id='word_1_336' title='bbox 191 4323 216 4368; x_wconf 67' lang='grc' dir='ltr'>Β.</span> <span class='ocrx_word' id='word_1_337' title='bbox 227 4319 309 4380; x_wconf 70' lang='lat' dir='ltr'>Epist.</span> <span class='ocrx_word' id='word_1_338' title='bbox 320 4321 341 4367; x_wconf 95' lang='grc'>1.</span> <span class='ocrx_word' id='word_1_339' title='bbox 828 4319 905 4380; x_wconf 75' lang='lat' dir='ltr'>Epist.</span> <span class='ocrx_word' id='word_1_340' title='bbox 915 4322 938 4366; x_wconf 86' lang='grc'>6.</span> 
     </span>
     <span class='ocr_line' id='line_1_38' title="bbox 94 4380 1257 4444; baseline -0.001 -14"><span class='ocrx_word' id='word_1_341' title='bbox 94 4381 673 4436; x_wconf 63' lang='grc' dir='ltr'><strong>113.Ε.06.7.1ι’1ιδ.06.14.1ὣ.1.611.</strong></span> <span class='ocrx_word' id='word_1_342' title='bbox 736 4380 1257 4444; x_wconf 61' lang='grc' dir='ltr'><strong>14Π61.861.31.16.1.Ερῑιι4.0120.</strong></span> 
     </span>
    </p>

    <p class='ocr_par' dir='ltr' id='par_1_9' title="bbox 94 4443 927 4570">
     <span class='ocr_line' id='line_1_39' title="bbox 189 4443 927 4492; baseline -0.005 0"><span class='ocrx_word' id='word_1_343' title='bbox 189 4447 214 4492; x_wconf 89' lang='grc'>6.</span> <span class='ocrx_word' id='word_1_344' title='bbox 223 4460 248 4492; x_wconf 82' lang='lat' dir='ltr'>v.</span> <span class='ocrx_word' id='word_1_345' title='bbox 258 4445 298 4492; x_wconf 64' lang='lat' dir='ltr'>4st</span> <span class='ocrx_word' id='word_1_346' title='bbox 736 4445 765 4492; x_wconf 90' lang='grc'>16</span> <span class='ocrx_word' id='word_1_347' title='bbox 782 4444 877 4492; x_wconf 82' lang='lat' dir='ltr'>Sueton.</span> <span class='ocrx_word' id='word_1_348' title='bbox 888 4443 927 4489; x_wconf 90' lang='lat' dir='ltr'>cit.</span> 
     </span>
     <span class='ocr_line' id='line_1_40' title="bbox 94 4505 754 4570; baseline 0.008 -17"><span class='ocrx_word' id='word_1_349' title='bbox 94 4505 109 4553; x_wconf 79' lang='grc'><strong>6</strong></span> <span class='ocrx_word' id='word_1_350' title='bbox 123 4505 180 4556; x_wconf 60' lang='lat' dir='ltr'>iub.</span> <span class='ocrx_word' id='word_1_351' title='bbox 189 4509 215 4557; x_wconf 63' lang='grc' dir='ltr'>Β.</span> <span class='ocrx_word' id='word_1_352' title='bbox 226 4505 307 4566; x_wconf 70' lang='lat' dir='ltr'>prt</span> <span class='ocrx_word' id='word_1_353' title='bbox 316 4507 341 4553; x_wconf 71' lang='lat'>2</span> <span class='ocrx_word' id='word_1_354' title='bbox 714 4523 754 4570; x_wconf 75' lang='grc' dir='ltr'><strong>μ</strong></span> 
     </span>
    </p>
   </div>
   <div class='ocr_carea' id='block_1_6' title="bbox 885 4661 996 4745">
    <p class='ocr_par' dir='ltr' id='par_1_10' title="bbox 885 4661 996 4745">
     <span class='ocr_line' id='line_1_41' title="bbox 885 4661 996 4745; baseline 0.009 -47"><span class='ocrx_word' id='word_1_355' title='bbox 885 4661 996 4745; x_wconf 57' lang='lat' dir='ltr'>·l&#39;.·</span> 
     </span>
    </p>
   </div>
   <div class='ocr_carea' id='block_1_7' title="bbox 0 0 1485 4964">
    <p class='ocr_par' dir='ltr' id='par_1_11' title="bbox 0 0 1485 4964">
     <span class='ocr_line' id='line_1_42' title="bbox 0 0 1485 4964; baseline 0 0"><span class='ocrx_word' id='word_1_356' title='bbox 0 0 1485 4964; x_wconf 95' lang='lat' dir='ltr'> </span> 
     </span>
    </p>
   </div>
   <div class='ocr_carea' id='block_1_8' title="bbox 688 4836 952 4948">
    <p class='ocr_par' dir='ltr' id='par_1_12' title="bbox 688 4836 952 4948">
     <span class='ocr_line' id='line_1_43' title="bbox 688 4836 952 4910; baseline 0.023 -5"><span class='ocrx_word' id='word_1_357' title='bbox 688 4836 877 4910; x_wconf 51' lang='lat'>&amp;⁴:⁹³</span> <span class='ocrx_word' id='word_1_358' title='bbox 939 4839 952 4900; x_wconf 75' lang='lat' dir='ltr'>l</span> 
     </span>
     <span class='ocr_line' id='line_1_44' title="bbox 830 4903 951 4948; baseline 0.008 -1"><span class='ocrx_word' id='word_1_359' title='bbox 830 4903 834 4912; x_wconf 71' lang='grc'><em>’</em></span> <span class='ocrx_word' id='word_1_360' title='bbox 912 4903 951 4948; x_wconf 62' lang='grc' dir='ltr'><strong>ω</strong></span> 
     </span>
    </p>
   </div>
  </div>
 </body>
</html>
